time,trade_id,price,size,side,date
2022-05-09T12:11:25.317888Z,5738018,0.09180000,6.22531919,buy,2022-05-09 12:11:25.317888+00:00
2022-05-09T09:03:04.068744Z,5738017,0.09180000,0.12500000,buy,2022-05-09 09:03:04.068744+00:00
2022-05-09T04:36:33.872253Z,5738016,0.09180000,1.00000000,buy,2022-05-09 04:36:33.872253+00:00
2022-05-09T04:18:18.531843Z,5738015,0.09180000,0.09270000,buy,2022-05-09 04:18:18.531843+00:00
2022-05-07T01:10:51.290023Z,5738014,0.09180000,0.03618434,buy,2022-05-07 01:10:51.290023+00:00
2022-05-07T01:10:22.018563Z,5738013,0.09661000,0.01547500,sell,2022-05-07 01:10:22.018563+00:00
2022-05-07T01:10:22.018563Z,5738012,0.09304000,0.01000000,sell,2022-05-07 01:10:22.018563+00:00
2022-05-07T00:58:35.607737Z,5738011,0.09661000,0.00070934,sell,2022-05-07 00:58:35.607737+00:00
2022-05-07T00:58:35.607737Z,5738010,0.09255000,0.01000000,sell,2022-05-07 00:58:35.607737+00:00
2022-05-06T22:58:07.547925Z,5738009,0.09661000,3.10835050,sell,2022-05-06 22:58:07.547925+00:00
2022-05-06T22:58:07.547925Z,5738008,0.09647000,100.00000000,sell,2022-05-06 22:58:07.547925+00:00
2022-05-06T22:58:07.547925Z,5738007,0.09647000,103.78209078,sell,2022-05-06 22:58:07.547925+00:00
2022-05-06T22:58:07.547925Z,5738006,0.09238000,0.01000000,sell,2022-05-06 22:58:07.547925+00:00
2022-05-06T14:40:37.031831Z,5738005,0.09647000,0.05000000,sell,2022-05-06 14:40:37.031831+00:00
2022-05-06T11:23:05.105093Z,5738004,0.09647000,2.00000000,sell,2022-05-06 11:23:05.105093+00:00
2022-05-06T11:22:45.833982Z,5738003,0.09647000,2.00000000,sell,2022-05-06 11:22:45.833982+00:00
2022-05-06T11:19:26.238913Z,5738002,0.09647000,1.00000000,sell,2022-05-06 11:19:26.238913+00:00
2022-05-06T07:02:45.894838Z,5738001,0.09180000,1.00000000,buy,2022-05-06 07:02:45.894838+00:00
2022-05-06T07:02:21.853091Z,5738000,0.09647000,10.30409225,sell,2022-05-06 07:02:21.853091+00:00
2022-05-06T07:01:57.672845Z,5737999,0.09647000,0.01030403,sell,2022-05-06 07:01:57.672845+00:00
2022-05-05T22:52:26.297574Z,5737998,0.09180000,0.52035647,buy,2022-05-05 22:52:26.297574+00:00
2022-05-05T22:52:16.104715Z,5737997,0.09647000,0.44307587,sell,2022-05-05 22:52:16.104715+00:00
2022-05-05T22:48:44.829353Z,5737996,0.09647000,0.07728060,sell,2022-05-05 22:48:44.829353+00:00
2022-05-05T17:29:28.556156Z,5737995,0.09647000,880.33315647,sell,2022-05-05 17:29:28.556156+00:00
2022-05-05T17:29:28.556156Z,5737994,0.09647000,3.62335000,sell,2022-05-05 17:29:28.556156+00:00
2022-05-05T17:29:28.556156Z,5737993,0.09640000,3.13000000,sell,2022-05-05 17:29:28.556156+00:00
2022-05-05T17:29:28.556156Z,5737992,0.09632000,2.68090000,sell,2022-05-05 17:29:28.556156+00:00
2022-05-05T17:29:28.556156Z,5737991,0.09606000,0.75540000,sell,2022-05-05 17:29:28.556156+00:00
2022-05-05T17:29:28.556156Z,5737990,0.09600000,2.84340000,sell,2022-05-05 17:29:28.556156+00:00
2022-05-05T17:29:28.556156Z,5737989,0.09600000,8.99000000,sell,2022-05-05 17:29:28.556156+00:00
2022-05-05T17:29:28.556156Z,5737988,0.09600000,3.05000000,sell,2022-05-05 17:29:28.556156+00:00
2022-05-05T17:29:28.556156Z,5737987,0.09600000,2.74180000,sell,2022-05-05 17:29:28.556156+00:00
2022-05-05T17:29:28.556156Z,5737986,0.09586000,4.49896000,sell,2022-05-05 17:29:28.556156+00:00
2022-05-05T17:29:28.556156Z,5737985,0.09580000,7.93860000,sell,2022-05-05 17:29:28.556156+00:00
2022-05-05T17:29:28.556156Z,5737984,0.09570000,2.11484000,sell,2022-05-05 17:29:28.556156+00:00
2022-05-05T17:29:28.556156Z,5737983,0.09567000,9.06760000,sell,2022-05-05 17:29:28.556156+00:00
2022-05-05T17:29:28.556156Z,5737982,0.09560000,3.97160000,sell,2022-05-05 17:29:28.556156+00:00
2022-05-05T17:29:28.556156Z,5737981,0.09530000,5.40700000,sell,2022-05-05 17:29:28.556156+00:00
2022-05-05T17:29:28.556156Z,5737980,0.09500000,2.00980000,sell,2022-05-05 17:29:28.556156+00:00
2022-05-05T17:29:28.556156Z,5737979,0.09497000,9.08000000,sell,2022-05-05 17:29:28.556156+00:00
2022-05-05T17:29:28.556156Z,5737978,0.09475000,8.28590000,sell,2022-05-05 17:29:28.556156+00:00
2022-05-05T17:29:28.556156Z,5737977,0.09470000,1.69202000,sell,2022-05-05 17:29:28.556156+00:00
2022-05-05T17:29:28.556156Z,5737976,0.09470000,2.05390000,sell,2022-05-05 17:29:28.556156+00:00
2022-05-05T17:29:28.556156Z,5737975,0.09460000,5.45515000,sell,2022-05-05 17:29:28.556156+00:00
2022-05-05T17:29:28.556156Z,5737974,0.09458000,4.59089000,sell,2022-05-05 17:29:28.556156+00:00
2022-05-05T17:29:28.556156Z,5737973,0.09450000,4.18420000,sell,2022-05-05 17:29:28.556156+00:00
2022-05-05T17:29:28.556156Z,5737972,0.09438000,7.11370000,sell,2022-05-05 17:29:28.556156+00:00
2022-05-05T17:29:28.556156Z,5737971,0.09430000,2.29300000,sell,2022-05-05 17:29:28.556156+00:00
2022-05-05T17:29:28.556156Z,5737970,0.09425000,3.68452000,sell,2022-05-05 17:29:28.556156+00:00
2022-05-05T17:29:28.556156Z,5737969,0.09400000,1.34453000,sell,2022-05-05 17:29:28.556156+00:00
2022-05-05T17:29:28.556156Z,5737968,0.09400000,0.94000000,sell,2022-05-05 17:29:28.556156+00:00
2022-05-05T17:29:28.556156Z,5737967,0.09400000,1.86000000,sell,2022-05-05 17:29:28.556156+00:00
2022-05-05T17:29:28.556156Z,5737966,0.09400000,2.91420000,sell,2022-05-05 17:29:28.556156+00:00
2022-05-05T17:29:28.556156Z,5737965,0.09400000,6.00575000,sell,2022-05-05 17:29:28.556156+00:00
2022-05-05T17:29:28.556156Z,5737964,0.09400000,0.42340000,sell,2022-05-05 17:29:28.556156+00:00
2022-05-05T17:29:28.556156Z,5737963,0.09400000,4.77100000,sell,2022-05-05 17:29:28.556156+00:00
2022-05-05T17:29:28.556156Z,5737962,0.09397000,0.06400000,sell,2022-05-05 17:29:28.556156+00:00
2022-05-05T17:29:28.556156Z,5737961,0.09359000,0.26885000,sell,2022-05-05 17:29:28.556156+00:00
2022-05-05T17:29:28.556156Z,5737960,0.09357000,4.91000000,sell,2022-05-05 17:29:28.556156+00:00
2022-05-05T17:29:28.556156Z,5737959,0.09330000,9.66200000,sell,2022-05-05 17:29:28.556156+00:00
2022-05-05T17:29:28.556156Z,5737958,0.09330000,8.20000000,sell,2022-05-05 17:29:28.556156+00:00
2022-05-05T03:48:04.086105Z,5737957,0.09329000,6.65404000,sell,2022-05-05 03:48:04.086105+00:00
2022-05-05T03:33:33.955363Z,5737956,0.09320000,5.04045000,sell,2022-05-05 03:33:33.955363+00:00
2022-05-05T03:33:33.955363Z,5737955,0.09320000,4.22267759,sell,2022-05-05 03:33:33.955363+00:00
2022-05-04T22:18:59.931007Z,5737954,0.09320000,0.20000000,sell,2022-05-04 22:18:59.931007+00:00
2022-05-04T22:18:22.997042Z,5737953,0.09320000,1.00000000,sell,2022-05-04 22:18:22.997042+00:00
2022-05-04T15:15:22.925545Z,5737952,0.09320000,0.94232241,sell,2022-05-04 15:15:22.925545+00:00
2022-05-04T15:15:22.925545Z,5737951,0.09300000,3.05767759,sell,2022-05-04 15:15:22.925545+00:00
2022-05-04T15:12:21.876643Z,5737950,0.09300000,1.58332241,sell,2022-05-04 15:12:21.876643+00:00
2022-05-04T15:12:21.876643Z,5737949,0.09280000,1.41667759,sell,2022-05-04 15:12:21.876643+00:00
2022-05-04T15:11:53.683049Z,5737948,0.09280000,1.00000000,sell,2022-05-04 15:11:53.683049+00:00
2022-05-04T06:57:42.998287Z,5737947,0.09180000,1.00000000,buy,2022-05-04 06:57:42.998287+00:00
2022-05-04T06:57:39.896218Z,5737946,0.09280000,7.13632241,sell,2022-05-04 06:57:39.896218+00:00
2022-05-04T06:57:39.896218Z,5737945,0.09280000,3.62340000,sell,2022-05-04 06:57:39.896218+00:00
2022-05-03T04:01:01.052133Z,5737944,0.09280000,0.00500000,sell,2022-05-03 04:01:01.052133+00:00
2022-05-03T03:48:54.35029Z,5737943,0.09180000,0.00044000,buy,2022-05-03 03:48:54.350290+00:00
2022-05-02T23:02:45.271477Z,5737942,0.09280000,0.04000000,sell,2022-05-02 23:02:45.271477+00:00
2022-05-02T06:04:28.021824Z,5737941,0.07297000,0.96000000,sell,2022-05-02 06:04:28.021824+00:00
2022-05-02T04:15:07.859702Z,5737940,0.06400000,5.00000000,buy,2022-05-02 04:15:07.859702+00:00
2022-05-01T16:21:56.977221Z,5737939,0.07297000,0.04000000,sell,2022-05-01 16:21:56.977221+00:00
2022-04-25T11:12:00.051951Z,5737938,0.07441000,0.01000000,buy,2022-04-25 11:12:00.051951+00:00
2022-04-21T17:34:42.308061Z,5737937,0.09088000,0.00100000,sell,2022-04-21 17:34:42.308061+00:00
2022-04-17T20:47:00.043362Z,5737936,0.08735000,0.00179385,buy,2022-04-17 20:47:00.043362+00:00
2022-04-17T20:47:00.043362Z,5737935,0.08913000,0.00544739,buy,2022-04-17 20:47:00.043362+00:00
2022-04-15T20:40:35.212319Z,5737934,0.09237000,0.00322842,sell,2022-04-15 20:40:35.212319+00:00
2022-04-15T20:40:04.068053Z,5737933,0.09225000,0.00323262,sell,2022-04-15 20:40:04.068053+00:00
2022-04-15T20:39:02.204286Z,5737932,0.09212000,0.00323719,sell,2022-04-15 20:39:02.204286+00:00
2022-04-15T20:37:37.638874Z,5737931,0.09199000,0.00324176,sell,2022-04-15 20:37:37.638874+00:00
2022-04-15T20:34:36.594607Z,5737930,0.09196000,0.00108090,sell,2022-04-15 20:34:36.594607+00:00
2022-04-14T23:44:22.752341Z,5737929,0.08020000,0.00027500,sell,2022-04-14 23:44:22.752341+00:00
2022-04-14T23:44:22.752341Z,5737928,0.08017000,0.00045820,sell,2022-04-14 23:44:22.752341+00:00
2022-04-14T23:44:22.752341Z,5737927,0.08000000,0.06109375,sell,2022-04-14 23:44:22.752341+00:00
2022-04-14T19:04:50.242537Z,5737926,0.09194000,0.01000000,sell,2022-04-14 19:04:50.242537+00:00
2022-04-14T17:53:57.69277Z,5737925,0.09228000,6.68614000,sell,2022-04-14 17:53:57.692770+00:00
2022-04-14T17:53:57.69277Z,5737924,0.09225000,3.98650000,sell,2022-04-14 17:53:57.692770+00:00
2022-04-14T17:51:08.441218Z,5737923,0.09210000,0.16723000,sell,2022-04-14 17:51:08.441218+00:00
2022-04-14T17:51:08.441218Z,5737922,0.09210000,0.70400000,sell,2022-04-14 17:51:08.441218+00:00
2022-04-14T17:51:08.441218Z,5737921,0.09202000,3.26583000,sell,2022-04-14 17:51:08.441218+00:00
2022-04-14T17:51:08.441218Z,5737920,0.09200000,1.32014194,sell,2022-04-14 17:51:08.441218+00:00
2022-04-14T17:51:08.441218Z,5737919,0.09196000,0.01000000,sell,2022-04-14 17:51:08.441218+00:00
2022-04-12T22:55:35.078903Z,5737918,0.09200000,0.02165250,sell,2022-04-12 22:55:35.078903+00:00
2022-04-12T21:45:52.41825Z,5737917,0.09200000,0.00058624,sell,2022-04-12 21:45:52.418250+00:00
2022-04-12T21:45:52.41825Z,5737916,0.09191000,0.00027500,sell,2022-04-12 21:45:52.418250+00:00
2022-04-12T21:45:52.41825Z,5737915,0.09168000,0.01000000,sell,2022-04-12 21:45:52.418250+00:00
2022-04-12T21:39:21.052644Z,5737914,0.07556000,0.01000000,buy,2022-04-12 21:39:21.052644+00:00
2022-04-12T20:00:12.480663Z,5737913,0.07563000,0.01000000,buy,2022-04-12 20:00:12.480663+00:00
2022-04-12T19:02:10.673024Z,5737912,0.07567000,0.01000000,buy,2022-04-12 19:02:10.673024+00:00
2022-04-12T09:54:38.019346Z,5737911,0.09198000,0.01000000,sell,2022-04-12 09:54:38.019346+00:00
2022-04-12T09:53:27.202978Z,5737910,0.07528000,0.01000000,buy,2022-04-12 09:53:27.202978+00:00
2022-04-12T09:52:26.404271Z,5737909,0.09200000,0.03247869,sell,2022-04-12 09:52:26.404271+00:00
2022-04-12T09:28:46.410017Z,5737908,0.09195000,0.01000000,sell,2022-04-12 09:28:46.410017+00:00
2022-04-12T08:48:11.055255Z,5737907,0.07528000,0.01000000,buy,2022-04-12 08:48:11.055255+00:00
2022-04-12T08:43:56.818526Z,5737906,0.09200000,0.02165250,sell,2022-04-12 08:43:56.818526+00:00
2022-04-12T07:15:29.053118Z,5737905,0.09000000,0.01449000,buy,2022-04-12 07:15:29.053118+00:00
2022-04-12T06:33:21.920669Z,5737904,0.09200000,0.02273510,sell,2022-04-12 06:33:21.920669+00:00
2022-04-12T06:24:19.527715Z,5737903,0.09000000,0.00510000,buy,2022-04-12 06:24:19.527715+00:00
2022-04-12T06:09:41.44121Z,5737902,0.09000000,0.02150000,buy,2022-04-12 06:09:41.441210+00:00
2022-04-12T06:09:24.69054Z,5737901,0.09200000,0.01461543,sell,2022-04-12 06:09:24.690540+00:00
2022-04-12T06:05:36.8687Z,5737900,0.09000000,0.01510000,buy,2022-04-12 06:05:36.868700+00:00
2022-04-12T06:04:59.921214Z,5737899,0.09200000,0.02717391,sell,2022-04-12 06:04:59.921214+00:00
2022-04-12T05:55:21.619709Z,5737898,0.09000000,0.02411000,buy,2022-04-12 05:55:21.619709+00:00
2022-04-12T05:54:33.7851Z,5737897,0.09200000,0.02046163,sell,2022-04-12 05:54:33.785100+00:00
2022-04-12T05:54:16.275321Z,5737896,0.09000000,0.02100000,buy,2022-04-12 05:54:16.275321+00:00
2022-04-12T05:38:45.60845Z,5737895,0.09200000,0.01158402,sell,2022-04-12 05:38:45.608450+00:00
2022-04-12T05:36:15.955789Z,5737894,0.09200000,0.01299141,sell,2022-04-12 05:36:15.955789+00:00
2022-04-12T05:35:54.729718Z,5737893,0.09000000,0.01000000,buy,2022-04-12 05:35:54.729718+00:00
2022-04-12T05:34:55.641462Z,5737892,0.09000000,0.01000000,buy,2022-04-12 05:34:55.641462+00:00
2022-04-12T05:33:25.203466Z,5737891,0.09200000,0.01840456,sell,2022-04-12 05:33:25.203466+00:00
2022-04-12T05:32:54.482959Z,5737890,0.09000000,0.02000000,buy,2022-04-12 05:32:54.482959+00:00
2022-04-12T05:31:33.814332Z,5737889,0.09200000,0.02165250,sell,2022-04-12 05:31:33.814332+00:00
2022-04-12T05:05:02.41798Z,5737888,0.09000000,0.02170000,buy,2022-04-12 05:05:02.417980+00:00
2022-04-12T05:04:34.20719Z,5737887,0.09200000,0.01082619,sell,2022-04-12 05:04:34.207190+00:00
2022-04-12T04:52:55.609055Z,5737886,0.09200000,0.01082619,sell,2022-04-12 04:52:55.609055+00:00
2022-04-12T04:52:33.881725Z,5737885,0.09000000,0.01700000,buy,2022-04-12 04:52:33.881725+00:00
2022-04-12T04:51:23.937305Z,5737884,0.09000000,0.01000000,buy,2022-04-12 04:51:23.937305+00:00
2022-04-12T04:47:23.940146Z,5737883,0.09200000,0.00541304,sell,2022-04-12 04:47:23.940146+00:00
2022-04-12T04:42:38.621566Z,5737882,0.09200000,0.01082619,sell,2022-04-12 04:42:38.621566+00:00
2022-04-12T04:34:53.997403Z,5737881,0.09200000,0.01082619,sell,2022-04-12 04:34:53.997403+00:00
2022-04-12T04:21:43.751216Z,5737880,0.09200000,0.01082619,sell,2022-04-12 04:21:43.751216+00:00
2022-04-12T01:56:29.217048Z,5737879,0.09000000,0.01000000,buy,2022-04-12 01:56:29.217048+00:00
2022-04-11T13:35:28.563577Z,5737878,0.09200000,0.05332796,sell,2022-04-11 13:35:28.563577+00:00
2022-04-11T13:35:28.563577Z,5737877,0.09053000,0.01000000,sell,2022-04-11 13:35:28.563577+00:00
2022-04-11T13:19:56.558726Z,5737876,0.08993000,0.10000000,buy,2022-04-11 13:19:56.558726+00:00
2022-04-11T13:19:56.558726Z,5737875,0.09000000,0.99000000,buy,2022-04-11 13:19:56.558726+00:00
2022-04-11T13:19:56.558726Z,5737874,0.09032000,0.01000000,sell,2022-04-11 13:19:56.558726+00:00
2022-04-11T13:10:01.459119Z,5737873,0.08992000,0.01000000,sell,2022-04-11 13:10:01.459119+00:00
2022-04-11T13:08:55.360291Z,5737872,0.08955000,0.01000000,sell,2022-04-11 13:08:55.360291+00:00
2022-04-11T13:07:54.726437Z,5737871,0.08916000,0.01000000,sell,2022-04-11 13:07:54.726437+00:00
2022-04-11T13:07:54.726437Z,5737870,0.07421000,0.50000000,sell,2022-04-11 13:07:54.726437+00:00
2022-04-11T12:39:11.658574Z,5737869,0.07423000,0.01000000,buy,2022-04-11 12:39:11.658574+00:00
2022-04-11T12:35:22.193311Z,5737868,0.08923000,0.01000000,sell,2022-04-11 12:35:22.193311+00:00
2022-04-11T05:16:16.168687Z,5737867,0.07521000,0.01000000,buy,2022-04-11 05:16:16.168687+00:00
2022-04-11T05:15:53.308664Z,5737866,0.09040000,0.01000000,sell,2022-04-11 05:15:53.308664+00:00
2022-04-11T05:08:48.092678Z,5737865,0.09008000,0.01000000,sell,2022-04-11 05:08:48.092678+00:00
2022-04-11T05:07:42.718638Z,5737864,0.08970000,0.01000000,sell,2022-04-11 05:07:42.718638+00:00
2022-04-11T05:04:46.837962Z,5737863,0.08930000,0.01000000,sell,2022-04-11 05:04:46.837962+00:00
2022-04-11T05:02:50.250595Z,5737862,0.08893000,0.01000000,sell,2022-04-11 05:02:50.250595+00:00
2022-04-11T05:01:04.308693Z,5737861,0.08857000,0.01000000,sell,2022-04-11 05:01:04.308693+00:00
2022-04-11T04:58:44.309149Z,5737860,0.08817000,0.01000000,sell,2022-04-11 04:58:44.309149+00:00
2022-04-11T04:52:03.334549Z,5737859,0.08781000,0.01000000,sell,2022-04-11 04:52:03.334549+00:00
2022-04-11T04:48:55.820951Z,5737858,0.08740000,0.01000000,sell,2022-04-11 04:48:55.820951+00:00
2022-04-11T04:48:42.583679Z,5737857,0.07524000,0.01000000,buy,2022-04-11 04:48:42.583679+00:00
2022-04-11T04:48:24.033894Z,5737856,0.07528000,0.01000000,buy,2022-04-11 04:48:24.033894+00:00
2022-04-11T04:44:40.879969Z,5737855,0.07529000,0.01000000,buy,2022-04-11 04:44:40.879969+00:00
2022-04-11T04:41:23.500659Z,5737854,0.07525000,0.01000000,buy,2022-04-11 04:41:23.500659+00:00
2022-04-11T04:41:11.817221Z,5737853,0.08856000,0.01000000,sell,2022-04-11 04:41:11.817221+00:00
2022-04-11T04:40:34.209505Z,5737852,0.08820000,0.01000000,sell,2022-04-11 04:40:34.209505+00:00
2022-04-11T04:39:55.811483Z,5737851,0.07528000,0.01000000,buy,2022-04-11 04:39:55.811483+00:00
2022-04-11T04:39:24.184313Z,5737850,0.08821000,0.01000000,sell,2022-04-11 04:39:24.184313+00:00
2022-04-11T04:27:32.197551Z,5737849,0.07524000,0.01000000,buy,2022-04-11 04:27:32.197551+00:00
2022-04-11T04:27:01.742472Z,5737848,0.08815000,0.01000000,sell,2022-04-11 04:27:01.742472+00:00
2022-04-11T04:18:36.261717Z,5737847,0.07524000,0.01000000,buy,2022-04-11 04:18:36.261717+00:00
2022-04-11T04:16:42.765354Z,5737846,0.07521000,0.01000000,buy,2022-04-11 04:16:42.765354+00:00
2022-04-11T04:13:49.556698Z,5737845,0.08855000,0.01000000,sell,2022-04-11 04:13:49.556698+00:00
2022-04-11T04:13:12.912975Z,5737844,0.08817000,0.01000000,sell,2022-04-11 04:13:12.912975+00:00
2022-04-11T04:05:12.702453Z,5737843,0.07528000,0.01000000,buy,2022-04-11 04:05:12.702453+00:00
2022-04-11T03:41:04.097371Z,5737842,0.07540000,0.01000000,buy,2022-04-11 03:41:04.097371+00:00
2022-04-11T03:40:25.326847Z,5737841,0.07541000,0.00030000,buy,2022-04-11 03:40:25.326847+00:00
2022-04-11T03:40:20.82405Z,5737840,0.07540000,0.00910000,buy,2022-04-11 03:40:20.824050+00:00
2022-04-11T03:39:49.087777Z,5737839,0.07541000,0.01000000,buy,2022-04-11 03:39:49.087777+00:00
2022-04-11T03:39:17.183831Z,5737838,0.07541000,0.01000000,buy,2022-04-11 03:39:17.183831+00:00
2022-04-11T03:39:11.141986Z,5737837,0.07540000,0.01000000,buy,2022-04-11 03:39:11.141986+00:00
2022-04-11T03:14:00.674548Z,5737836,0.09015000,0.01000000,sell,2022-04-11 03:14:00.674548+00:00
2022-04-11T03:13:15.518Z,5737835,0.07535000,0.01000000,buy,2022-04-11 03:13:15.518000+00:00
2022-04-11T03:12:21.448658Z,5737834,0.09019000,0.01000000,sell,2022-04-11 03:12:21.448658+00:00
2022-04-11T03:12:12.418411Z,5737833,0.07536000,0.01000000,buy,2022-04-11 03:12:12.418411+00:00
2022-04-11T03:11:07.903799Z,5737832,0.07536000,0.01000000,buy,2022-04-11 03:11:07.903799+00:00
2022-04-11T03:10:01.536367Z,5737831,0.07533000,0.01000000,buy,2022-04-11 03:10:01.536367+00:00
2022-04-11T03:07:00.26056Z,5737830,0.07540000,0.01000000,buy,2022-04-11 03:07:00.260560+00:00
2022-04-11T03:06:32.824836Z,5737829,0.07530000,0.01000000,buy,2022-04-11 03:06:32.824836+00:00
2022-04-11T03:06:08.169418Z,5737828,0.09200000,0.86610076,sell,2022-04-11 03:06:08.169418+00:00
2022-04-11T03:05:26.908627Z,5737827,0.09200000,0.10826250,sell,2022-04-11 03:05:26.908627+00:00
2022-04-11T03:05:09.134541Z,5737826,0.09200000,0.05413119,sell,2022-04-11 03:05:09.134541+00:00
2022-04-11T03:04:59.014254Z,5737825,0.09200000,0.02165250,sell,2022-04-11 03:04:59.014254+00:00
2022-04-11T03:04:46.810419Z,5737824,0.09200000,0.01190880,sell,2022-04-11 03:04:46.810419+00:00
2022-04-11T03:04:30.00132Z,5737823,0.09200000,0.01082619,sell,2022-04-11 03:04:30.001320+00:00
2022-04-11T03:03:40.589665Z,5737822,0.09200000,0.01082619,sell,2022-04-11 03:03:40.589665+00:00
2022-04-11T02:59:09.113744Z,5737821,0.09177000,0.01000000,sell,2022-04-11 02:59:09.113744+00:00
2022-04-11T02:58:42.072231Z,5737820,0.07543000,0.01000000,buy,2022-04-11 02:58:42.072231+00:00
2022-04-11T02:58:08.886459Z,5737819,0.09200000,0.01082619,sell,2022-04-11 02:58:08.886459+00:00
2022-04-11T02:57:10.875268Z,5737818,0.09200000,0.00757836,sell,2022-04-11 02:57:10.875268+00:00
2022-04-11T02:56:39.166692Z,5737817,0.09200000,0.08745478,sell,2022-04-11 02:56:39.166692+00:00
2022-04-11T02:56:39.166692Z,5737816,0.09183000,0.01000000,sell,2022-04-11 02:56:39.166692+00:00
2022-04-11T02:51:30.728677Z,5737815,0.09151000,0.01000000,sell,2022-04-11 02:51:30.728677+00:00
2022-04-11T02:48:03.88322Z,5737814,0.09109000,0.01000000,sell,2022-04-11 02:48:03.883220+00:00
2022-04-11T02:47:07.911418Z,5737813,0.09070000,0.01000000,sell,2022-04-11 02:47:07.911418+00:00
2022-04-11T01:57:34.020189Z,5737812,0.09047000,0.01000000,sell,2022-04-11 01:57:34.020189+00:00
2022-04-11T01:49:59.221837Z,5737811,0.07563000,0.01000000,buy,2022-04-11 01:49:59.221837+00:00
2022-04-11T01:49:26.618829Z,5737810,0.07563000,0.01000000,buy,2022-04-11 01:49:26.618829+00:00
2022-04-11T00:49:23.695973Z,5737809,0.07583000,0.01000000,buy,2022-04-11 00:49:23.695973+00:00
2022-04-11T00:46:31.121174Z,5737808,0.09200000,0.11970891,sell,2022-04-11 00:46:31.121174+00:00
2022-04-11T00:46:31.121174Z,5737807,0.09152000,0.01000000,sell,2022-04-11 00:46:31.121174+00:00
2022-04-11T00:41:50.547452Z,5737806,0.07588000,0.01000000,buy,2022-04-11 00:41:50.547452+00:00
2022-04-11T00:40:08.906373Z,5737805,0.07586000,0.01000000,buy,2022-04-11 00:40:08.906373+00:00
2022-04-11T00:39:22.61612Z,5737804,0.09200000,0.09805380,sell,2022-04-11 00:39:22.616120+00:00
2022-04-11T00:39:22.61612Z,5737803,0.09194000,0.01000000,sell,2022-04-11 00:39:22.616120+00:00
2022-04-11T00:37:30.082479Z,5737802,0.07588000,0.01000000,buy,2022-04-11 00:37:30.082479+00:00
2022-04-11T00:35:36.772185Z,5737801,0.09200000,0.08311745,sell,2022-04-11 00:35:36.772185+00:00
2022-04-11T00:35:36.772185Z,5737800,0.09200000,0.01493200,sell,2022-04-11 00:35:36.772185+00:00
2022-04-11T00:35:36.772185Z,5737799,0.09198000,0.01000000,sell,2022-04-11 00:35:36.772185+00:00
2022-04-11T00:33:36.24325Z,5737798,0.07588000,0.01000000,buy,2022-04-11 00:33:36.243250+00:00
2022-04-11T00:33:11.358621Z,5737797,0.09200000,0.01080467,sell,2022-04-11 00:33:11.358621+00:00
2022-04-11T00:31:48.810017Z,5737796,0.09200000,0.00081989,sell,2022-04-11 00:31:48.810017+00:00
2022-04-11T00:31:48.810017Z,5737795,0.09186000,0.01000000,sell,2022-04-11 00:31:48.810017+00:00
2022-04-11T00:20:23.557176Z,5737794,0.09193000,0.00432513,sell,2022-04-11 00:20:23.557176+00:00
2022-04-11T00:17:14.03238Z,5737793,0.09200000,0.01080467,sell,2022-04-11 00:17:14.032380+00:00
2022-04-10T23:48:39.329248Z,5737792,0.09200000,0.10804728,sell,2022-04-10 23:48:39.329248+00:00
2022-04-10T22:17:01.736514Z,5737791,0.09200000,0.00108043,sell,2022-04-10 22:17:01.736514+00:00
2022-04-10T22:15:21.114913Z,5737790,0.09200000,0.01080467,sell,2022-04-10 22:15:21.114913+00:00
2022-04-10T22:01:10.944842Z,5737789,0.09200000,0.01080467,sell,2022-04-10 22:01:10.944842+00:00
2022-04-10T02:09:11.400499Z,5737788,0.09200000,0.10804728,sell,2022-04-10 02:09:11.400499+00:00
2022-04-08T23:40:41.376717Z,5737787,0.09121000,0.00108979,sell,2022-04-08 23:40:41.376717+00:00
2022-04-08T23:40:30.124421Z,5737786,0.09082000,0.01000000,sell,2022-04-08 23:40:30.124421+00:00
2022-04-08T23:39:49.7644Z,5737785,0.09043000,0.01000000,sell,2022-04-08 23:39:49.764400+00:00
2022-04-08T23:39:30.025995Z,5737784,0.09004000,0.01000000,sell,2022-04-08 23:39:30.025995+00:00
2022-04-06T09:21:41.38652Z,5737783,0.09200000,0.10000000,sell,2022-04-06 09:21:41.386520+00:00
2022-04-06T09:21:41.38652Z,5737782,0.09200000,0.10000000,sell,2022-04-06 09:21:41.386520+00:00
2022-04-06T09:21:41.38652Z,5737781,0.09200000,0.10000000,sell,2022-04-06 09:21:41.386520+00:00
2022-04-06T09:21:41.38652Z,5737780,0.09200000,0.10000000,sell,2022-04-06 09:21:41.386520+00:00
2022-04-06T09:21:41.38652Z,5737779,0.09200000,0.10000000,sell,2022-04-06 09:21:41.386520+00:00
2022-04-06T09:18:38.600499Z,5737778,0.09200000,0.10000000,sell,2022-04-06 09:18:38.600499+00:00
2022-04-06T09:18:38.600499Z,5737777,0.09200000,0.10000000,sell,2022-04-06 09:18:38.600499+00:00
2022-04-06T09:18:38.600499Z,5737776,0.09200000,0.10000000,sell,2022-04-06 09:18:38.600499+00:00
2022-04-06T09:18:38.600499Z,5737775,0.09200000,0.10000000,sell,2022-04-06 09:18:38.600499+00:00
2022-04-06T09:18:38.600499Z,5737774,0.09200000,0.10000000,sell,2022-04-06 09:18:38.600499+00:00
2022-04-06T09:17:45.622435Z,5737773,0.09200000,0.04795444,sell,2022-04-06 09:17:45.622435+00:00
2022-04-06T09:17:45.622435Z,5737772,0.09200000,0.05204556,sell,2022-04-06 09:17:45.622435+00:00
2022-04-06T09:17:45.622435Z,5737771,0.09200000,0.10000000,sell,2022-04-06 09:17:45.622435+00:00
2022-04-06T09:17:45.622435Z,5737770,0.09200000,0.10000000,sell,2022-04-06 09:17:45.622435+00:00
2022-04-06T09:17:45.622435Z,5737769,0.09200000,0.07495444,sell,2022-04-06 09:17:45.622435+00:00
2022-04-06T09:17:45.622435Z,5737768,0.09190000,0.02504556,sell,2022-04-06 09:17:45.622435+00:00
2022-04-06T09:17:45.622435Z,5737767,0.09190000,0.10000000,sell,2022-04-06 09:17:45.622435+00:00
2022-04-06T09:06:03.636109Z,5737766,0.09190000,0.10000000,sell,2022-04-06 09:06:03.636109+00:00
2022-04-06T09:06:03.636109Z,5737765,0.09190000,0.10000000,sell,2022-04-06 09:06:03.636109+00:00
2022-04-06T09:06:03.636109Z,5737764,0.09190000,0.10000000,sell,2022-04-06 09:06:03.636109+00:00
2022-04-06T09:06:03.636109Z,5737763,0.09190000,0.10000000,sell,2022-04-06 09:06:03.636109+00:00
2022-04-06T09:06:03.636109Z,5737762,0.09190000,0.10000000,sell,2022-04-06 09:06:03.636109+00:00
2022-04-04T20:48:54.29994Z,5737761,0.09052000,0.00131771,sell,2022-04-04 20:48:54.299940+00:00
2022-04-04T17:53:03.319977Z,5737760,0.08862000,0.00137500,buy,2022-04-04 17:53:03.319977+00:00
2022-04-04T17:53:03.319977Z,5737759,0.09190000,0.13453134,sell,2022-04-04 17:53:03.319977+00:00
2022-04-04T17:53:03.319977Z,5737758,0.09014000,0.00027500,sell,2022-04-04 17:53:03.319977+00:00
2022-04-04T17:53:03.319977Z,5737757,0.08992000,0.00489739,sell,2022-04-04 17:53:03.319977+00:00
2022-04-04T17:53:03.319977Z,5737756,0.08989000,0.00133565,sell,2022-04-04 17:53:03.319977+00:00
2022-04-04T17:53:03.319977Z,5737755,0.08980000,0.01000000,sell,2022-04-04 17:53:03.319977+00:00
2022-04-04T17:53:03.319977Z,5737754,0.08970000,0.17808713,sell,2022-04-04 17:53:03.319977+00:00
2022-04-04T13:58:24.129706Z,5737753,0.08970000,0.32223382,sell,2022-04-04 13:58:24.129706+00:00
2022-04-04T13:58:24.129706Z,5737752,0.08944000,0.00027500,sell,2022-04-04 13:58:24.129706+00:00
2022-04-04T13:58:24.129706Z,5737751,0.08921000,0.01000000,sell,2022-04-04 13:58:24.129706+00:00
2022-04-04T13:56:25.854766Z,5737750,0.08970000,0.32227270,sell,2022-04-04 13:56:25.854766+00:00
2022-04-04T13:56:25.854766Z,5737749,0.08912000,0.00027500,sell,2022-04-04 13:56:25.854766+00:00
2022-04-04T13:56:25.854766Z,5737748,0.08887000,0.01000000,sell,2022-04-04 13:56:25.854766+00:00
2022-04-04T13:54:57.203741Z,5737747,0.08970000,0.32231289,sell,2022-04-04 13:54:57.203741+00:00
2022-04-04T13:54:57.203741Z,5737746,0.08874000,0.00027500,sell,2022-04-04 13:54:57.203741+00:00
2022-04-04T13:54:57.203741Z,5737745,0.08852000,0.01000000,sell,2022-04-04 13:54:57.203741+00:00
2022-04-04T13:11:09.597067Z,5737744,0.08970000,0.32237245,sell,2022-04-04 13:11:09.597067+00:00
2022-04-04T13:11:09.597067Z,5737743,0.08822000,0.00027500,sell,2022-04-04 13:11:09.597067+00:00
2022-04-04T13:11:09.597067Z,5737742,0.08800000,0.01000000,sell,2022-04-04 13:11:09.597067+00:00
2022-04-04T13:10:16.507379Z,5737741,0.08969000,0.00022000,sell,2022-04-04 13:10:16.507379+00:00
2022-04-04T13:10:16.507379Z,5737740,0.08789000,0.00027500,sell,2022-04-04 13:10:16.507379+00:00
2022-04-04T13:10:16.507379Z,5737739,0.08769000,0.01000000,sell,2022-04-04 13:10:16.507379+00:00
2022-04-04T07:21:40.965926Z,5737738,0.07585000,0.01184500,sell,2022-04-04 07:21:40.965926+00:00
2022-04-04T07:21:40.965926Z,5737737,0.07585000,0.04888600,sell,2022-04-04 07:21:40.965926+00:00
2022-04-04T07:21:40.965926Z,5737736,0.07583000,0.03926900,sell,2022-04-04 07:21:40.965926+00:00
2022-04-04T07:21:40.643622Z,5737735,0.07584000,0.01000000,buy,2022-04-04 07:21:40.643622+00:00
2022-04-04T07:21:40.638073Z,5737734,0.07585000,0.00059100,sell,2022-04-04 07:21:40.638073+00:00
2022-04-04T07:21:40.638073Z,5737733,0.07585000,0.04988800,sell,2022-04-04 07:21:40.638073+00:00
2022-04-04T07:21:40.638073Z,5737732,0.07585000,0.04952100,sell,2022-04-04 07:21:40.638073+00:00
2022-04-01T04:57:47.878119Z,5737731,0.08462000,0.01000000,sell,2022-04-01 04:57:47.878119+00:00
2022-04-01T04:57:18.517242Z,5737730,0.08426000,0.01000000,sell,2022-04-01 04:57:18.517242+00:00
2022-03-31T21:44:06.805341Z,5737729,0.07195000,0.00863694,buy,2022-03-31 21:44:06.805341+00:00
2022-03-31T21:44:01.878421Z,5737728,0.07634000,0.10000000,buy,2022-03-31 21:44:01.878421+00:00
2022-03-31T21:44:01.878421Z,5737727,0.08166000,0.10000000,buy,2022-03-31 21:44:01.878421+00:00
2022-03-30T17:01:46.642288Z,5737726,0.08344000,0.00142953,sell,2022-03-30 17:01:46.642288+00:00
2022-03-30T16:49:26.704493Z,5737725,0.08351000,0.00143336,sell,2022-03-30 16:49:26.704493+00:00
2022-03-30T16:23:27.698583Z,5737724,0.08970000,1.01683482,sell,2022-03-30 16:23:27.698583+00:00
2022-03-30T16:23:27.698583Z,5737723,0.08968000,0.04875800,sell,2022-03-30 16:23:27.698583+00:00
2022-03-30T16:23:27.698583Z,5737722,0.08967000,0.04873800,sell,2022-03-30 16:23:27.698583+00:00
2022-03-30T16:23:27.698583Z,5737721,0.08964000,0.04871400,sell,2022-03-30 16:23:27.698583+00:00
2022-03-30T16:23:27.698583Z,5737720,0.08963000,0.04888300,sell,2022-03-30 16:23:27.698583+00:00
2022-03-30T16:23:27.698583Z,5737719,0.08960000,0.04855900,sell,2022-03-30 16:23:27.698583+00:00
2022-03-30T16:23:27.698583Z,5737718,0.08959000,0.04874300,sell,2022-03-30 16:23:27.698583+00:00
2022-03-30T16:23:27.698583Z,5737717,0.08956000,0.04880600,sell,2022-03-30 16:23:27.698583+00:00
2022-03-30T16:23:27.698583Z,5737716,0.08955000,0.04866300,sell,2022-03-30 16:23:27.698583+00:00
2022-03-30T16:23:27.698583Z,5737715,0.08952000,0.04930900,sell,2022-03-30 16:23:27.698583+00:00
2022-03-30T16:23:27.698583Z,5737714,0.08950000,0.04858000,sell,2022-03-30 16:23:27.698583+00:00
2022-03-30T16:23:27.698583Z,5737713,0.08948000,0.04854000,sell,2022-03-30 16:23:27.698583+00:00
2022-03-30T16:23:27.698583Z,5737712,0.08946000,0.04857800,sell,2022-03-30 16:23:27.698583+00:00
2022-03-30T16:23:27.698583Z,5737711,0.08944000,0.04855500,sell,2022-03-30 16:23:27.698583+00:00
2022-03-30T16:23:27.698583Z,5737710,0.08942000,0.04858600,sell,2022-03-30 16:23:27.698583+00:00
2022-03-30T16:23:27.698583Z,5737709,0.08940000,0.04867000,sell,2022-03-30 16:23:27.698583+00:00
2022-03-30T16:23:27.698583Z,5737708,0.08938000,0.04875700,sell,2022-03-30 16:23:27.698583+00:00
2022-03-30T16:23:27.698583Z,5737707,0.08938000,0.04879100,sell,2022-03-30 16:23:27.698583+00:00
2022-03-30T16:23:27.698583Z,5737706,0.08936000,0.04908300,sell,2022-03-30 16:23:27.698583+00:00
2022-03-30T16:23:27.698583Z,5737705,0.08934000,0.04862100,sell,2022-03-30 16:23:27.698583+00:00
2022-03-30T16:23:27.698583Z,5737704,0.08934000,0.04926800,sell,2022-03-30 16:23:27.698583+00:00
2022-03-30T16:23:27.698583Z,5737703,0.08932000,0.04882800,sell,2022-03-30 16:23:27.698583+00:00
2022-03-30T16:23:27.698583Z,5737702,0.08930000,0.04857000,sell,2022-03-30 16:23:27.698583+00:00
2022-03-30T16:23:27.698583Z,5737701,0.08930000,0.04850800,sell,2022-03-30 16:23:27.698583+00:00
2022-03-30T16:23:27.698583Z,5737700,0.08928000,0.04876300,sell,2022-03-30 16:23:27.698583+00:00
2022-03-30T16:23:27.698583Z,5737699,0.08926000,0.04853800,sell,2022-03-30 16:23:27.698583+00:00
2022-03-30T16:23:27.698583Z,5737698,0.08926000,0.04860400,sell,2022-03-30 16:23:27.698583+00:00
2022-03-30T16:23:27.698583Z,5737697,0.08923000,0.04854000,sell,2022-03-30 16:23:27.698583+00:00
2022-03-30T16:23:27.698583Z,5737696,0.08922000,0.04860400,sell,2022-03-30 16:23:27.698583+00:00
2022-03-30T16:23:27.698583Z,5737695,0.08921000,0.04852700,sell,2022-03-30 16:23:27.698583+00:00
2022-03-30T16:23:27.698583Z,5737694,0.08919000,0.04869300,sell,2022-03-30 16:23:27.698583+00:00
2022-03-30T16:23:27.698583Z,5737693,0.08918000,0.04860000,sell,2022-03-30 16:23:27.698583+00:00
2022-03-30T16:23:27.698583Z,5737692,0.08917000,0.04872800,sell,2022-03-30 16:23:27.698583+00:00
2022-03-30T16:23:27.698583Z,5737691,0.08915000,0.04862400,sell,2022-03-30 16:23:27.698583+00:00
2022-03-30T16:23:27.698583Z,5737690,0.08914000,0.04862100,sell,2022-03-30 16:23:27.698583+00:00
2022-03-30T16:23:27.698583Z,5737689,0.08913000,0.04852700,sell,2022-03-30 16:23:27.698583+00:00
2022-03-30T16:23:27.698583Z,5737688,0.08910000,0.04851900,sell,2022-03-30 16:23:27.698583+00:00
2022-03-30T16:23:27.698583Z,5737687,0.08909000,0.04871300,sell,2022-03-30 16:23:27.698583+00:00
2022-03-30T16:23:27.698583Z,5737686,0.08906000,0.04889900,sell,2022-03-30 16:23:27.698583+00:00
2022-03-30T16:23:27.698583Z,5737685,0.08905000,0.04931400,sell,2022-03-30 16:23:27.698583+00:00
2022-03-30T16:23:27.698583Z,5737684,0.08902000,0.04856100,sell,2022-03-30 16:23:27.698583+00:00
2022-03-30T16:23:27.698583Z,5737683,0.08901000,0.04907000,sell,2022-03-30 16:23:27.698583+00:00
2022-03-30T16:23:27.698583Z,5737682,0.08898000,0.04861700,sell,2022-03-30 16:23:27.698583+00:00
2022-03-30T16:23:27.698583Z,5737681,0.08897000,0.04932100,sell,2022-03-30 16:23:27.698583+00:00
2022-03-30T16:23:27.698583Z,5737680,0.08893000,0.04853000,sell,2022-03-30 16:23:27.698583+00:00
2022-03-30T16:23:27.698583Z,5737679,0.08888000,0.04878700,sell,2022-03-30 16:23:27.698583+00:00
2022-03-30T16:23:27.698583Z,5737678,0.08884000,0.04872700,sell,2022-03-30 16:23:27.698583+00:00
2022-03-30T16:23:27.698583Z,5737677,0.08880000,0.04904200,sell,2022-03-30 16:23:27.698583+00:00
2022-03-30T16:23:27.698583Z,5737676,0.08876000,0.04909700,sell,2022-03-30 16:23:27.698583+00:00
2022-03-30T16:23:27.698583Z,5737675,0.08872000,0.04873700,sell,2022-03-30 16:23:27.698583+00:00
2022-03-30T16:23:27.698583Z,5737674,0.08827000,0.04873600,sell,2022-03-30 16:23:27.698583+00:00
2022-03-30T16:23:27.698583Z,5737673,0.08823000,0.04866800,sell,2022-03-30 16:23:27.698583+00:00
2022-03-30T16:23:27.698583Z,5737672,0.08819000,0.04861400,sell,2022-03-30 16:23:27.698583+00:00
2022-03-30T16:23:27.698583Z,5737671,0.08815000,0.04909900,sell,2022-03-30 16:23:27.698583+00:00
2022-03-30T16:23:27.698583Z,5737670,0.08811000,0.04915300,sell,2022-03-30 16:23:27.698583+00:00
2022-03-30T16:23:27.698583Z,5737669,0.08806000,0.04858900,sell,2022-03-30 16:23:27.698583+00:00
2022-03-30T16:23:27.698583Z,5737668,0.08802000,0.04937400,sell,2022-03-30 16:23:27.698583+00:00
2022-03-30T16:23:27.698583Z,5737667,0.08798000,0.04898500,sell,2022-03-30 16:23:27.698583+00:00
2022-03-30T16:23:27.698583Z,5737666,0.08794000,0.04858000,sell,2022-03-30 16:23:27.698583+00:00
2022-03-30T16:23:27.698583Z,5737665,0.08790000,0.04910000,sell,2022-03-30 16:23:27.698583+00:00
2022-03-30T16:23:27.698583Z,5737664,0.08786000,0.04859800,sell,2022-03-30 16:23:27.698583+00:00
2022-03-30T16:23:27.698583Z,5737663,0.08782000,0.04855000,sell,2022-03-30 16:23:27.698583+00:00
2022-03-30T16:23:27.698583Z,5737662,0.08778000,0.04911000,sell,2022-03-30 16:23:27.698583+00:00
2022-03-30T16:23:27.698583Z,5737661,0.08774000,0.04931600,sell,2022-03-30 16:23:27.698583+00:00
2022-03-30T16:23:27.698583Z,5737660,0.08769000,0.04853700,sell,2022-03-30 16:23:27.698583+00:00
2022-03-30T16:23:27.698583Z,5737659,0.08766000,0.04941100,sell,2022-03-30 16:23:27.698583+00:00
2022-03-30T16:23:27.698583Z,5737658,0.08765000,0.04882700,sell,2022-03-30 16:23:27.698583+00:00
2022-03-30T16:23:27.698583Z,5737657,0.08762000,0.04856300,sell,2022-03-30 16:23:27.698583+00:00
2022-03-30T16:23:27.698583Z,5737656,0.08761000,0.04857700,sell,2022-03-30 16:23:27.698583+00:00
2022-03-30T16:23:27.698583Z,5737655,0.08758000,0.04852900,sell,2022-03-30 16:23:27.698583+00:00
2022-03-30T16:23:27.698583Z,5737654,0.08730000,0.04861500,sell,2022-03-30 16:23:27.698583+00:00
2022-03-30T16:23:27.698583Z,5737653,0.08726000,0.04894800,sell,2022-03-30 16:23:27.698583+00:00
2022-03-30T16:23:27.698583Z,5737652,0.08722000,0.04858600,sell,2022-03-30 16:23:27.698583+00:00
2022-03-30T16:23:27.698583Z,5737651,0.08718000,0.04858100,sell,2022-03-30 16:23:27.698583+00:00
2022-03-30T16:23:27.698583Z,5737650,0.08714000,0.04892100,sell,2022-03-30 16:23:27.698583+00:00
2022-03-30T16:23:27.698583Z,5737649,0.08695000,0.04909100,sell,2022-03-30 16:23:27.698583+00:00
2022-03-30T16:23:27.698583Z,5737648,0.08688000,0.04997900,sell,2022-03-30 16:23:27.698583+00:00
2022-03-30T16:23:27.698583Z,5737647,0.08668000,0.04908500,sell,2022-03-30 16:23:27.698583+00:00
2022-03-30T16:23:27.698583Z,5737646,0.08664000,0.04964000,sell,2022-03-30 16:23:27.698583+00:00
2022-03-30T16:23:27.698583Z,5737645,0.08648000,0.04923800,sell,2022-03-30 16:23:27.698583+00:00
2022-03-30T16:23:27.698583Z,5737644,0.08644000,0.04875300,sell,2022-03-30 16:23:27.698583+00:00
2022-03-30T16:23:27.698583Z,5737643,0.08640000,0.04925200,sell,2022-03-30 16:23:27.698583+00:00
2022-03-30T16:23:27.698583Z,5737642,0.08639000,0.04860700,sell,2022-03-30 16:23:27.698583+00:00
2022-03-30T16:23:27.698583Z,5737641,0.08635000,0.04898800,sell,2022-03-30 16:23:27.698583+00:00
2022-03-30T16:23:27.698583Z,5737640,0.08635000,0.04856400,sell,2022-03-30 16:23:27.698583+00:00
2022-03-30T16:23:27.698583Z,5737639,0.08631000,0.04851900,sell,2022-03-30 16:23:27.698583+00:00
2022-03-30T16:23:27.698583Z,5737638,0.08627000,0.04935400,sell,2022-03-30 16:23:27.698583+00:00
2022-03-30T16:23:27.698583Z,5737637,0.08623000,0.04869300,sell,2022-03-30 16:23:27.698583+00:00
2022-03-30T16:23:27.698583Z,5737636,0.08623000,0.04852600,sell,2022-03-30 16:23:27.698583+00:00
2022-03-30T16:23:27.698583Z,5737635,0.08619000,0.04947000,sell,2022-03-30 16:23:27.698583+00:00
2022-03-30T16:23:27.698583Z,5737634,0.08618000,0.04853000,sell,2022-03-30 16:23:27.698583+00:00
2022-03-30T16:23:27.698583Z,5737633,0.08615000,0.04877500,sell,2022-03-30 16:23:27.698583+00:00
2022-03-30T16:23:27.698583Z,5737632,0.08614000,0.04908300,sell,2022-03-30 16:23:27.698583+00:00
2022-03-30T16:23:27.698583Z,5737631,0.08611000,0.04909900,sell,2022-03-30 16:23:27.698583+00:00
2022-03-30T16:23:27.698583Z,5737630,0.08610000,0.04864200,sell,2022-03-30 16:23:27.698583+00:00
2022-03-30T16:23:27.698583Z,5737629,0.08609000,1.00000000,sell,2022-03-30 16:23:27.698583+00:00
2022-03-30T16:23:27.698583Z,5737628,0.08606000,0.04902200,sell,2022-03-30 16:23:27.698583+00:00
2022-03-30T16:23:27.698583Z,5737627,0.08606000,0.04860100,sell,2022-03-30 16:23:27.698583+00:00
2022-03-30T16:23:27.698583Z,5737626,0.08602000,0.04908700,sell,2022-03-30 16:23:27.698583+00:00
2022-03-30T16:23:27.698583Z,5737625,0.08602000,0.04856900,sell,2022-03-30 16:23:27.698583+00:00
2022-03-30T16:23:27.698583Z,5737624,0.08598000,0.04980200,sell,2022-03-30 16:23:27.698583+00:00
2022-03-30T16:23:27.698583Z,5737623,0.08598000,0.04879100,sell,2022-03-30 16:23:27.698583+00:00
2022-03-30T16:23:27.698583Z,5737622,0.08594000,0.04919100,sell,2022-03-30 16:23:27.698583+00:00
2022-03-30T16:23:27.698583Z,5737621,0.08590000,0.04875600,sell,2022-03-30 16:23:27.698583+00:00
2022-03-30T16:23:27.698583Z,5737620,0.08586000,0.04915200,sell,2022-03-30 16:23:27.698583+00:00
2022-03-30T16:23:27.698583Z,5737619,0.08582000,0.04857200,sell,2022-03-30 16:23:27.698583+00:00
2022-03-30T16:23:27.698583Z,5737618,0.08578000,0.04857600,sell,2022-03-30 16:23:27.698583+00:00
2022-03-30T16:23:27.698583Z,5737617,0.08574000,0.04886900,sell,2022-03-30 16:23:27.698583+00:00
2022-03-30T16:23:27.698583Z,5737616,0.08570000,0.04888400,sell,2022-03-30 16:23:27.698583+00:00
2022-03-30T16:23:27.698583Z,5737615,0.08570000,0.04859300,sell,2022-03-30 16:23:27.698583+00:00
2022-03-30T16:23:27.698583Z,5737614,0.08570000,0.04893600,sell,2022-03-30 16:23:27.698583+00:00
2022-03-30T16:23:27.698583Z,5737613,0.08566000,0.04898900,sell,2022-03-30 16:23:27.698583+00:00
2022-03-30T16:23:27.698583Z,5737612,0.08566000,0.04883300,sell,2022-03-30 16:23:27.698583+00:00
2022-03-30T16:23:27.698583Z,5737611,0.08564000,0.04855800,sell,2022-03-30 16:23:27.698583+00:00
2022-03-30T16:23:27.698583Z,5737610,0.08562000,0.04870300,sell,2022-03-30 16:23:27.698583+00:00
2022-03-30T16:23:27.698583Z,5737609,0.08562000,0.04878200,sell,2022-03-30 16:23:27.698583+00:00
2022-03-30T16:23:27.698583Z,5737608,0.08560000,0.04859100,sell,2022-03-30 16:23:27.698583+00:00
2022-03-30T16:23:27.698583Z,5737607,0.08558000,0.04892600,sell,2022-03-30 16:23:27.698583+00:00
2022-03-30T16:23:27.698583Z,5737606,0.08557000,0.04905100,sell,2022-03-30 16:23:27.698583+00:00
2022-03-30T16:23:27.698583Z,5737605,0.08556000,0.04852400,sell,2022-03-30 16:23:27.698583+00:00
2022-03-30T16:23:27.698583Z,5737604,0.08553000,0.04858400,sell,2022-03-30 16:23:27.698583+00:00
2022-03-30T16:23:27.698583Z,5737603,0.08552000,0.04863900,sell,2022-03-30 16:23:27.698583+00:00
2022-03-30T16:23:27.698583Z,5737602,0.08546000,0.04869700,sell,2022-03-30 16:23:27.698583+00:00
2022-03-30T16:23:27.698583Z,5737601,0.08542000,0.04888400,sell,2022-03-30 16:23:27.698583+00:00
2022-03-30T16:23:27.698583Z,5737600,0.08539000,0.04887900,sell,2022-03-30 16:23:27.698583+00:00
2022-03-30T16:23:27.698583Z,5737599,0.08538000,0.04855100,sell,2022-03-30 16:23:27.698583+00:00
2022-03-30T16:23:27.698583Z,5737598,0.08535000,0.04856000,sell,2022-03-30 16:23:27.698583+00:00
2022-03-30T16:23:27.698583Z,5737597,0.08534000,0.04885900,sell,2022-03-30 16:23:27.698583+00:00
2022-03-30T16:23:27.698583Z,5737596,0.08531000,0.04931500,sell,2022-03-30 16:23:27.698583+00:00
2022-03-30T16:23:27.698583Z,5737595,0.08531000,0.04894300,sell,2022-03-30 16:23:27.698583+00:00
2022-03-30T16:23:27.698583Z,5737594,0.08527000,0.04896500,sell,2022-03-30 16:23:27.698583+00:00
2022-03-30T16:23:27.698583Z,5737593,0.08527000,0.04910700,sell,2022-03-30 16:23:27.698583+00:00
2022-03-30T16:23:27.698583Z,5737592,0.08523000,0.04893500,sell,2022-03-30 16:23:27.698583+00:00
2022-03-30T16:23:27.698583Z,5737591,0.08523000,0.04859200,sell,2022-03-30 16:23:27.698583+00:00
2022-03-30T16:23:27.698583Z,5737590,0.08519000,0.04920600,sell,2022-03-30 16:23:27.698583+00:00
2022-03-30T16:23:27.698583Z,5737589,0.08519000,0.04887700,sell,2022-03-30 16:23:27.698583+00:00
2022-03-30T16:23:27.698583Z,5737588,0.08514000,0.04906600,sell,2022-03-30 16:23:27.698583+00:00
2022-03-30T16:23:27.698583Z,5737587,0.08505000,0.04865000,sell,2022-03-30 16:23:27.698583+00:00
2022-03-30T16:23:27.698583Z,5737586,0.08501000,0.04866400,sell,2022-03-30 16:23:27.698583+00:00
2022-03-30T16:23:27.698583Z,5737585,0.08499000,0.04999400,sell,2022-03-30 16:23:27.698583+00:00
2022-03-30T16:23:27.698583Z,5737584,0.08495000,0.04960500,sell,2022-03-30 16:23:27.698583+00:00
2022-03-30T16:23:27.698583Z,5737583,0.08491000,0.04920400,sell,2022-03-30 16:23:27.698583+00:00
2022-03-30T16:23:27.698583Z,5737582,0.08487000,0.04872000,sell,2022-03-30 16:23:27.698583+00:00
2022-03-30T16:23:27.698583Z,5737581,0.08485000,0.04922300,sell,2022-03-30 16:23:27.698583+00:00
2022-03-30T16:23:27.698583Z,5737580,0.08482000,0.04905300,sell,2022-03-30 16:23:27.698583+00:00
2022-03-30T16:23:27.698583Z,5737579,0.08481000,0.04938600,sell,2022-03-30 16:23:27.698583+00:00
2022-03-30T16:23:27.698583Z,5737578,0.08478000,0.04948800,sell,2022-03-30 16:23:27.698583+00:00
2022-03-30T16:23:27.698583Z,5737577,0.08472000,0.04870300,sell,2022-03-30 16:23:27.698583+00:00
2022-03-30T16:23:27.698583Z,5737576,0.08468000,0.04903500,sell,2022-03-30 16:23:27.698583+00:00
2022-03-30T16:23:27.698583Z,5737575,0.08466000,0.04963800,sell,2022-03-30 16:23:27.698583+00:00
2022-03-30T16:23:27.698583Z,5737574,0.08464000,0.04858300,sell,2022-03-30 16:23:27.698583+00:00
2022-03-30T16:23:27.698583Z,5737573,0.08462000,0.04887200,sell,2022-03-30 16:23:27.698583+00:00
2022-03-30T16:23:27.698583Z,5737572,0.08460000,0.04863600,sell,2022-03-30 16:23:27.698583+00:00
2022-03-30T16:23:27.698583Z,5737571,0.08458000,0.04896300,sell,2022-03-30 16:23:27.698583+00:00
2022-03-30T16:23:27.698583Z,5737570,0.08456000,0.04871900,sell,2022-03-30 16:23:27.698583+00:00
2022-03-30T16:23:27.698583Z,5737569,0.08453000,0.04868300,sell,2022-03-30 16:23:27.698583+00:00
2022-03-30T16:23:27.698583Z,5737568,0.08452000,0.04885400,sell,2022-03-30 16:23:27.698583+00:00
2022-03-30T16:23:27.698583Z,5737567,0.08449000,0.04986100,sell,2022-03-30 16:23:27.698583+00:00
2022-03-30T16:23:27.698583Z,5737566,0.08448000,0.04888500,sell,2022-03-30 16:23:27.698583+00:00
2022-03-30T16:23:27.698583Z,5737565,0.08445000,0.04884300,sell,2022-03-30 16:23:27.698583+00:00
2022-03-30T16:23:27.698583Z,5737564,0.08441000,0.04870400,sell,2022-03-30 16:23:27.698583+00:00
2022-03-30T16:23:27.698583Z,5737563,0.08437000,0.04977700,sell,2022-03-30 16:23:27.698583+00:00
2022-03-30T16:23:27.698583Z,5737562,0.08433000,0.04926800,sell,2022-03-30 16:23:27.698583+00:00
2022-03-30T16:23:27.698583Z,5737561,0.08429000,0.04998900,sell,2022-03-30 16:23:27.698583+00:00
2022-03-30T16:23:27.698583Z,5737560,0.08424000,0.04922300,sell,2022-03-30 16:23:27.698583+00:00
2022-03-30T16:23:27.698583Z,5737559,0.08420000,0.04973000,sell,2022-03-30 16:23:27.698583+00:00
2022-03-30T16:23:27.698583Z,5737558,0.08416000,0.04864600,sell,2022-03-30 16:23:27.698583+00:00
2022-03-30T16:23:27.698583Z,5737557,0.08412000,0.04872900,sell,2022-03-30 16:23:27.698583+00:00
2022-03-30T16:23:27.698583Z,5737556,0.08408000,0.04876700,sell,2022-03-30 16:23:27.698583+00:00
2022-03-30T16:23:27.698583Z,5737555,0.08404000,0.04928000,sell,2022-03-30 16:23:27.698583+00:00
2022-03-30T16:23:27.698583Z,5737554,0.08400000,0.04874900,sell,2022-03-30 16:23:27.698583+00:00
2022-03-30T16:23:27.698583Z,5737553,0.08384000,0.04908400,sell,2022-03-30 16:23:27.698583+00:00
2022-03-30T16:23:27.698583Z,5737552,0.08379000,0.04877500,sell,2022-03-30 16:23:27.698583+00:00
2022-03-30T16:23:27.698583Z,5737551,0.08378000,0.04865000,sell,2022-03-30 16:23:27.698583+00:00
2022-03-30T16:23:27.698583Z,5737550,0.08374000,0.04929000,sell,2022-03-30 16:23:27.698583+00:00
2022-03-30T16:23:27.698583Z,5737549,0.08372000,0.04891700,sell,2022-03-30 16:23:27.698583+00:00
2022-03-30T16:23:27.698583Z,5737548,0.08369000,0.04932300,sell,2022-03-30 16:23:27.698583+00:00
2022-03-30T16:23:27.698583Z,5737547,0.08366000,0.04863900,sell,2022-03-30 16:23:27.698583+00:00
2022-03-30T16:23:27.698583Z,5737546,0.08362000,0.04868900,sell,2022-03-30 16:23:27.698583+00:00
2022-03-30T16:23:27.698583Z,5737545,0.08358000,0.04853700,sell,2022-03-30 16:23:27.698583+00:00
2022-03-30T16:23:27.698583Z,5737544,0.08354000,0.04853700,sell,2022-03-30 16:23:27.698583+00:00
2022-03-30T16:23:27.698583Z,5737543,0.08350000,0.04937400,sell,2022-03-30 16:23:27.698583+00:00
2022-03-30T16:23:27.698583Z,5737542,0.08349000,0.04970300,sell,2022-03-30 16:23:27.698583+00:00
2022-03-30T16:23:27.698583Z,5737541,0.08346000,0.04936000,sell,2022-03-30 16:23:27.698583+00:00
2022-03-30T16:23:27.698583Z,5737540,0.08345000,0.04901400,sell,2022-03-30 16:23:27.698583+00:00
2022-03-30T16:23:27.698583Z,5737539,0.08342000,0.04913100,sell,2022-03-30 16:23:27.698583+00:00
2022-03-30T16:23:27.698583Z,5737538,0.08340000,0.04857600,sell,2022-03-30 16:23:27.698583+00:00
2022-03-30T16:23:27.698583Z,5737537,0.08338000,0.04900900,sell,2022-03-30 16:23:27.698583+00:00
2022-03-30T16:23:27.698583Z,5737536,0.08336000,0.04881800,sell,2022-03-30 16:23:27.698583+00:00
2022-03-30T16:23:27.698583Z,5737535,0.08328000,0.04899400,sell,2022-03-30 16:23:27.698583+00:00
2022-03-30T16:23:27.698583Z,5737534,0.08324000,0.04982800,sell,2022-03-30 16:23:27.698583+00:00
2022-03-30T16:23:27.698583Z,5737533,0.08320000,0.09876500,sell,2022-03-30 16:23:27.698583+00:00
2022-03-30T16:23:27.698583Z,5737532,0.08307000,0.01000000,sell,2022-03-30 16:23:27.698583+00:00
2022-03-30T16:06:03.10716Z,5737531,0.08286000,0.09000000,sell,2022-03-30 16:06:03.107160+00:00
2022-03-30T16:06:03.10716Z,5737530,0.08252000,0.01000000,sell,2022-03-30 16:06:03.107160+00:00
2022-03-30T15:58:59.452299Z,5737529,0.08283000,0.09000000,sell,2022-03-30 15:58:59.452299+00:00
2022-03-30T15:58:59.452299Z,5737528,0.08215000,0.01000000,sell,2022-03-30 15:58:59.452299+00:00
2022-03-30T15:45:18.003169Z,5737527,0.08204000,0.09000000,sell,2022-03-30 15:45:18.003169+00:00
2022-03-30T15:45:18.003169Z,5737526,0.08171000,0.01000000,sell,2022-03-30 15:45:18.003169+00:00
2022-03-30T15:41:14.528439Z,5737525,0.08171000,0.09000000,sell,2022-03-30 15:41:14.528439+00:00
2022-03-30T15:41:14.528439Z,5737524,0.08138000,0.01000000,sell,2022-03-30 15:41:14.528439+00:00
2022-03-30T14:47:33.837119Z,5737523,0.07671000,0.00518490,sell,2022-03-30 14:47:33.837119+00:00
2022-03-30T01:47:11.668403Z,5737522,0.08133000,0.00022000,sell,2022-03-30 01:47:11.668403+00:00
2022-03-30T01:47:04.659244Z,5737521,0.08133000,0.00022000,sell,2022-03-30 01:47:04.659244+00:00
2022-03-29T14:16:22.107988Z,5737520,0.08155000,0.01000000,sell,2022-03-29 14:16:22.107988+00:00
2022-03-29T14:16:17.70423Z,5737519,0.08116000,0.01000000,sell,2022-03-29 14:16:17.704230+00:00
2022-03-29T14:16:13.354813Z,5737518,0.08080000,0.01000000,sell,2022-03-29 14:16:13.354813+00:00
2022-03-29T14:16:08.754788Z,5737517,0.08044000,0.01000000,sell,2022-03-29 14:16:08.754788+00:00
2022-03-29T14:16:02.663221Z,5737516,0.08008000,0.01000000,sell,2022-03-29 14:16:02.663221+00:00
2022-03-29T14:15:57.090115Z,5737515,0.07974000,0.01000000,sell,2022-03-29 14:15:57.090115+00:00
2022-03-29T14:15:50.872837Z,5737514,0.07939000,0.01000000,sell,2022-03-29 14:15:50.872837+00:00
2022-03-29T14:15:37.583379Z,5737513,0.07902000,0.01000000,sell,2022-03-29 14:15:37.583379+00:00
2022-03-29T14:14:46.301362Z,5737512,0.07866000,0.01000000,sell,2022-03-29 14:14:46.301362+00:00
2022-03-29T14:13:43.888857Z,5737511,0.07833000,0.01000000,sell,2022-03-29 14:13:43.888857+00:00
2022-03-29T10:53:14.933089Z,5737510,0.07200000,0.00040000,buy,2022-03-29 10:53:14.933089+00:00
2022-03-29T10:53:14.933089Z,5737509,0.07218000,0.01000000,buy,2022-03-29 10:53:14.933089+00:00
2022-03-28T19:03:01.298683Z,5737508,0.07744000,0.01000000,sell,2022-03-28 19:03:01.298683+00:00
2022-03-28T18:03:16.061661Z,5737507,0.07687000,0.01000000,sell,2022-03-28 18:03:16.061661+00:00
2022-03-28T17:01:45.671983Z,5737506,0.07073000,0.01000000,buy,2022-03-28 17:01:45.671983+00:00
2022-03-28T17:01:36.686251Z,5737505,0.07075000,0.01000000,buy,2022-03-28 17:01:36.686251+00:00
2022-03-28T16:58:37.659629Z,5737504,0.07688000,0.01000000,sell,2022-03-28 16:58:37.659629+00:00
2022-03-28T14:52:02.460977Z,5737503,0.07696000,0.01000000,sell,2022-03-28 14:52:02.460977+00:00
2022-03-28T14:49:35.247853Z,5737502,0.07650000,0.01000000,sell,2022-03-28 14:49:35.247853+00:00
2022-03-28T14:49:06.857373Z,5737501,0.07112000,0.01000000,buy,2022-03-28 14:49:06.857373+00:00
2022-03-28T06:53:50.078881Z,5737500,0.07609000,0.01000000,sell,2022-03-28 06:53:50.078881+00:00
2022-03-28T06:53:11.057493Z,5737499,0.07574000,0.01000000,sell,2022-03-28 06:53:11.057493+00:00
2022-03-28T06:52:11.674299Z,5737498,0.07540000,0.01000000,sell,2022-03-28 06:52:11.674299+00:00
2022-03-28T06:51:23.397136Z,5737497,0.08000000,100.00000000,sell,2022-03-28 06:51:23.397136+00:00
2022-03-28T06:51:23.397136Z,5737496,0.08000000,100.00000000,sell,2022-03-28 06:51:23.397136+00:00
2022-03-28T06:51:23.397136Z,5737495,0.08000000,100.00000000,sell,2022-03-28 06:51:23.397136+00:00
2022-03-28T06:51:23.397136Z,5737494,0.08000000,15.56711197,sell,2022-03-28 06:51:23.397136+00:00
2022-03-28T06:51:23.397136Z,5737493,0.07505000,0.01000000,sell,2022-03-28 06:51:23.397136+00:00
2022-03-28T06:48:29.313457Z,5737492,0.07075000,0.01000000,buy,2022-03-28 06:48:29.313457+00:00
2022-03-28T06:48:17.472392Z,5737491,0.08000000,12.41606975,sell,2022-03-28 06:48:17.472392+00:00
2022-03-28T06:48:17.472392Z,5737490,0.07502000,0.01000000,sell,2022-03-28 06:48:17.472392+00:00
2022-03-28T06:47:14.32568Z,5737489,0.07071000,0.01000000,buy,2022-03-28 06:47:14.325680+00:00
2022-03-28T06:46:23.593383Z,5737488,0.07071000,0.01000000,buy,2022-03-28 06:46:23.593383+00:00
2022-03-28T06:45:58.103529Z,5737487,0.07071000,0.01000000,buy,2022-03-28 06:45:58.103529+00:00
2022-03-28T06:45:26.531827Z,5737486,0.07073000,0.01000000,buy,2022-03-28 06:45:26.531827+00:00
2022-03-28T06:45:14.8734Z,5737485,0.07072000,0.01000000,buy,2022-03-28 06:45:14.873400+00:00
2022-03-28T06:44:30.376097Z,5737484,0.08000000,24.84134712,sell,2022-03-28 06:44:30.376097+00:00
2022-03-28T06:44:30.376097Z,5737483,0.07638000,0.01000000,sell,2022-03-28 06:44:30.376097+00:00
2022-03-28T06:43:14.317589Z,5737482,0.08000000,12.41594100,sell,2022-03-28 06:43:14.317589+00:00
2022-03-28T06:43:14.317589Z,5737481,0.07605000,0.01000000,sell,2022-03-28 06:43:14.317589+00:00
2022-03-26T20:34:59.341704Z,5737480,0.08000000,0.01544337,sell,2022-03-26 20:34:59.341704+00:00
2022-03-26T20:34:59.341704Z,5737479,0.07526000,0.01000000,sell,2022-03-26 20:34:59.341704+00:00
2022-03-26T18:46:47.97925Z,5737478,0.07030000,0.00500000,buy,2022-03-26 18:46:47.979250+00:00
2022-03-26T18:46:47.97925Z,5737477,0.07030000,0.00500000,buy,2022-03-26 18:46:47.979250+00:00
2022-03-26T18:46:39.660629Z,5737476,0.08000000,24.84148587,sell,2022-03-26 18:46:39.660629+00:00
2022-03-26T18:46:39.660629Z,5737475,0.07527000,0.01000000,sell,2022-03-26 18:46:39.660629+00:00
2022-03-26T18:46:37.078336Z,5737474,0.07492000,0.01000000,sell,2022-03-26 18:46:37.078336+00:00
2022-03-26T18:46:30.982735Z,5737473,0.07456000,0.01000000,sell,2022-03-26 18:46:30.982735+00:00
2022-03-26T18:46:24.203691Z,5737472,0.07030000,0.00500000,buy,2022-03-26 18:46:24.203691+00:00
2022-03-26T18:45:43.084466Z,5737471,0.07438000,0.01000000,sell,2022-03-26 18:45:43.084466+00:00
2022-03-26T12:47:38.265872Z,5737470,0.07402000,0.01000000,sell,2022-03-26 12:47:38.265872+00:00
2022-03-26T12:46:45.691442Z,5737469,0.07365000,0.01000000,sell,2022-03-26 12:46:45.691442+00:00
2022-03-26T06:55:35.416544Z,5737468,0.07022000,0.01000000,buy,2022-03-26 06:55:35.416544+00:00
2022-03-26T06:55:17.031911Z,5737467,0.07020000,0.01000000,buy,2022-03-26 06:55:17.031911+00:00
2022-03-26T06:54:28.568348Z,5737466,0.07025000,0.00509562,buy,2022-03-26 06:54:28.568348+00:00
2022-03-26T06:53:52.993615Z,5737465,0.07025000,0.01000000,buy,2022-03-26 06:53:52.993615+00:00
2022-03-26T06:53:22.36936Z,5737464,0.07026000,0.01000000,buy,2022-03-26 06:53:22.369360+00:00
2022-03-26T06:51:41.171708Z,5737463,0.07024000,0.01000000,buy,2022-03-26 06:51:41.171708+00:00
2022-03-26T06:46:11.136249Z,5737462,0.08000000,0.11509562,sell,2022-03-26 06:46:11.136249+00:00
2022-03-26T06:46:11.136249Z,5737461,0.07525000,0.01000000,sell,2022-03-26 06:46:11.136249+00:00
2022-03-26T06:35:08.715161Z,5737460,0.07030000,0.00070070,buy,2022-03-26 06:35:08.715161+00:00
2022-03-26T06:27:11.518315Z,5737459,0.07526000,0.00070070,sell,2022-03-26 06:27:11.518315+00:00
2022-03-26T04:59:29.958176Z,5737458,0.07007000,0.01000000,buy,2022-03-26 04:59:29.958176+00:00
2022-03-26T04:03:47.111937Z,5737457,0.07493000,0.01000000,sell,2022-03-26 04:03:47.111937+00:00
2022-03-26T04:03:24.162023Z,5737456,0.06999000,0.01000000,buy,2022-03-26 04:03:24.162023+00:00
2022-03-26T04:02:14.208279Z,5737455,0.07493000,0.01000000,sell,2022-03-26 04:02:14.208279+00:00
2022-03-26T03:58:21.850642Z,5737454,0.07001000,0.00425437,buy,2022-03-26 03:58:21.850642+00:00
2022-03-26T03:58:09.790117Z,5737453,0.07001000,0.01000000,buy,2022-03-26 03:58:09.790117+00:00
2022-03-26T03:57:49.498473Z,5737452,0.07001000,0.01000000,buy,2022-03-26 03:57:49.498473+00:00
2022-03-26T03:57:43.199356Z,5737451,0.07001000,0.01000000,buy,2022-03-26 03:57:43.199356+00:00
2022-03-26T03:57:38.413671Z,5737450,0.07000000,0.01000000,buy,2022-03-26 03:57:38.413671+00:00
2022-03-26T03:57:24.850405Z,5737449,0.07000000,0.01000000,buy,2022-03-26 03:57:24.850405+00:00
2022-03-25T20:02:51.202415Z,5737448,0.08000000,0.23971196,sell,2022-03-25 20:02:51.202415+00:00
2022-03-25T20:02:51.202415Z,5737447,0.07661000,0.01000000,sell,2022-03-25 20:02:51.202415+00:00
2022-03-25T16:26:57.525924Z,5737446,0.07030000,0.01000000,buy,2022-03-25 16:26:57.525924+00:00
2022-03-25T16:13:57.654253Z,5737445,0.08000000,0.11507075,sell,2022-03-25 16:13:57.654253+00:00
2022-03-25T16:13:57.654253Z,5737444,0.07694000,0.01000000,sell,2022-03-25 16:13:57.654253+00:00
2022-03-25T05:34:59.120835Z,5737443,0.07116000,0.01000000,buy,2022-03-25 05:34:59.120835+00:00
2022-03-25T05:15:03.883812Z,5737442,0.07135000,0.01000000,buy,2022-03-25 05:15:03.883812+00:00
2022-03-25T05:14:49.651645Z,5737441,0.07135000,0.01000000,buy,2022-03-25 05:14:49.651645+00:00
2022-03-25T05:14:31.638408Z,5737440,0.07132000,0.01000000,buy,2022-03-25 05:14:31.638408+00:00
2022-03-25T05:12:10.049157Z,5737439,0.07130000,0.01000000,buy,2022-03-25 05:12:10.049157+00:00
2022-03-25T05:04:45.723227Z,5737438,0.07127000,0.01000000,buy,2022-03-25 05:04:45.723227+00:00
2022-03-25T05:03:53.584304Z,5737437,0.07127000,0.01000000,buy,2022-03-25 05:03:53.584304+00:00
2022-03-25T05:03:11.100391Z,5737436,0.07127000,0.01000000,buy,2022-03-25 05:03:11.100391+00:00
2022-03-25T05:01:46.319275Z,5737435,0.08000000,0.12425437,sell,2022-03-25 05:01:46.319275+00:00
2022-03-25T04:59:32.973204Z,5737434,0.08000000,0.01000000,sell,2022-03-25 04:59:32.973204+00:00
2022-03-24T19:56:03.931103Z,5737433,0.08000000,0.20165113,sell,2022-03-24 19:56:03.931103+00:00
2022-03-24T19:56:03.931103Z,5737432,0.07979000,0.01000000,sell,2022-03-24 19:56:03.931103+00:00
2022-03-24T19:55:15.930811Z,5737431,0.07947000,0.01000000,sell,2022-03-24 19:55:15.930811+00:00
2022-03-24T19:54:33.928638Z,5737430,0.07912000,0.01000000,sell,2022-03-24 19:54:33.928638+00:00
2022-03-24T19:54:27.925391Z,5737429,0.07876000,0.01000000,sell,2022-03-24 19:54:27.925391+00:00
2022-03-24T19:54:06.927043Z,5737428,0.07841000,0.01000000,sell,2022-03-24 19:54:06.927043+00:00
2022-03-24T19:54:00.928266Z,5737427,0.07804000,0.01000000,sell,2022-03-24 19:54:00.928266+00:00
2022-03-24T19:52:21.933506Z,5737426,0.07768000,0.01000000,sell,2022-03-24 19:52:21.933506+00:00
2022-03-24T19:52:15.930056Z,5737425,0.07732000,0.01000000,sell,2022-03-24 19:52:15.930056+00:00
2022-03-24T19:52:03.929067Z,5737424,0.07698000,0.01000000,sell,2022-03-24 19:52:03.929067+00:00
2022-03-24T19:43:03.91301Z,5737423,0.07660000,0.01000000,sell,2022-03-24 19:43:03.913010+00:00
2022-03-24T19:42:57.917795Z,5737422,0.07625000,0.01000000,sell,2022-03-24 19:42:57.917795+00:00
2022-03-24T19:42:51.915655Z,5737421,0.07590000,0.01000000,sell,2022-03-24 19:42:51.915655+00:00
2022-03-24T19:42:45.894379Z,5737420,0.07554000,0.01000000,sell,2022-03-24 19:42:45.894379+00:00
2022-03-24T19:17:45.86783Z,5737419,0.07522000,0.01000000,sell,2022-03-24 19:17:45.867830+00:00
2022-03-24T19:15:39.862882Z,5737418,0.07479000,0.01000000,sell,2022-03-24 19:15:39.862882+00:00
2022-03-24T19:15:33.886698Z,5737417,0.07444000,0.01000000,sell,2022-03-24 19:15:33.886698+00:00
2022-03-24T19:15:27.893914Z,5737416,0.07410000,0.01000000,sell,2022-03-24 19:15:27.893914+00:00
2022-03-24T19:12:00.859619Z,5737415,0.07369000,0.01000000,sell,2022-03-24 19:12:00.859619+00:00
2022-03-24T19:11:54.860482Z,5737414,0.07334000,0.01000000,sell,2022-03-24 19:11:54.860482+00:00
2022-03-24T19:09:20.305252Z,5737413,0.07299000,0.01000000,sell,2022-03-24 19:09:20.305252+00:00
2022-03-24T19:09:20.305252Z,5737412,0.07244000,0.10939809,sell,2022-03-24 19:09:20.305252+00:00
2022-03-24T19:07:45.253624Z,5737411,0.07263000,0.01000000,sell,2022-03-24 19:07:45.253624+00:00
2022-03-24T19:07:45.253624Z,5737410,0.07235000,0.12006890,sell,2022-03-24 19:07:45.253624+00:00
2022-03-24T19:07:45.253624Z,5737409,0.07230000,0.12006890,sell,2022-03-24 19:07:45.253624+00:00
2022-03-24T19:07:45.253624Z,5737408,0.07225000,0.12006890,sell,2022-03-24 19:07:45.253624+00:00
2022-03-24T19:07:40.168035Z,5737407,0.07228000,0.01000000,sell,2022-03-24 19:07:40.168035+00:00
2022-03-24T19:07:40.168035Z,5737406,0.07200000,0.11358044,sell,2022-03-24 19:07:40.168035+00:00
2022-03-24T19:07:40.168035Z,5737405,0.07195000,0.09892143,sell,2022-03-24 19:07:40.168035+00:00
2022-03-24T19:07:40.168035Z,5737404,0.07153000,0.05406265,sell,2022-03-24 19:07:40.168035+00:00
2022-03-24T19:07:32.865981Z,5737403,0.07195000,0.01465901,sell,2022-03-24 19:07:32.865981+00:00
2022-03-24T19:07:32.865981Z,5737402,0.07192000,0.01000000,sell,2022-03-24 19:07:32.865981+00:00
2022-03-24T19:07:32.865981Z,5737401,0.07190000,0.11358044,sell,2022-03-24 19:07:32.865981+00:00
2022-03-24T19:06:24.659477Z,5737400,0.07159000,0.00049988,sell,2022-03-24 19:06:24.659477+00:00
2022-03-24T19:06:24.659477Z,5737399,0.07158000,0.01000000,sell,2022-03-24 19:06:24.659477+00:00
2022-03-24T19:06:24.659477Z,5737398,0.07154000,0.00045733,sell,2022-03-24 19:06:24.659477+00:00
2022-03-24T10:04:39.823075Z,5737397,0.07811000,0.82956223,buy,2022-03-24 10:04:39.823075+00:00
2022-03-24T10:04:39.823075Z,5737396,0.07971000,0.17043777,buy,2022-03-24 10:04:39.823075+00:00
2022-03-23T17:38:59.704829Z,5737395,0.08000000,0.01366787,sell,2022-03-23 17:38:59.704829+00:00
2022-03-23T16:12:48.343864Z,5737394,0.08000000,1.24688275,sell,2022-03-23 16:12:48.343864+00:00
2022-03-23T15:40:49.376084Z,5737393,0.07971000,0.02497512,buy,2022-03-23 15:40:49.376084+00:00
2022-03-23T15:39:36.216852Z,5737392,0.08000000,0.02497512,sell,2022-03-23 15:39:36.216852+00:00
2022-03-23T15:39:18.514628Z,5737391,0.07971000,0.46458711,buy,2022-03-23 15:39:18.514628+00:00
2022-03-23T15:38:30.838725Z,5737390,0.08000000,0.02485087,sell,2022-03-23 15:38:30.838725+00:00
2022-03-23T14:39:03.146974Z,5737389,0.08000000,0.03702775,sell,2022-03-23 14:39:03.146974+00:00
2022-03-23T13:08:21.009769Z,5737388,0.08000000,0.18725137,sell,2022-03-23 13:08:21.009769+00:00
2022-03-23T12:51:49.501432Z,5737387,0.08000000,1.00000000,sell,2022-03-23 12:51:49.501432+00:00
2022-03-23T12:41:39.871345Z,5737386,0.08000000,0.15333000,sell,2022-03-23 12:41:39.871345+00:00
2022-03-23T12:23:05.77932Z,5737385,0.08000000,0.12425437,sell,2022-03-23 12:23:05.779320+00:00
2022-03-23T08:50:26.022301Z,5737384,0.07971000,0.01000000,buy,2022-03-23 08:50:26.022301+00:00
2022-03-23T08:50:21.857403Z,5737383,0.07971000,0.10000000,buy,2022-03-23 08:50:21.857403+00:00
2022-03-23T08:48:21.611269Z,5737382,0.07971000,0.01000000,buy,2022-03-23 08:48:21.611269+00:00
2022-03-23T08:45:06.225865Z,5737381,0.07971000,0.01000000,buy,2022-03-23 08:45:06.225865+00:00
2022-03-23T08:43:27.584133Z,5737380,0.07971000,0.10000000,buy,2022-03-23 08:43:27.584133+00:00
2022-03-23T08:43:15.423318Z,5737379,0.07971000,0.10000000,buy,2022-03-23 08:43:15.423318+00:00
2022-03-23T08:43:14.423174Z,5737378,0.07971000,0.01000000,buy,2022-03-23 08:43:14.423174+00:00
2022-03-23T08:43:14.423174Z,5737377,0.07971000,0.09000000,buy,2022-03-23 08:43:14.423174+00:00
2022-03-23T03:53:45.744727Z,5737376,0.08000000,0.99601587,sell,2022-03-23 03:53:45.744727+00:00
2022-03-22T21:04:48.947765Z,5737375,0.08000000,0.06212712,sell,2022-03-22 21:04:48.947765+00:00
2022-03-22T20:07:55.001647Z,5737374,0.07971000,0.10000000,buy,2022-03-22 20:07:55.001647+00:00
2022-03-22T20:07:54.624579Z,5737373,0.07971000,0.10000000,buy,2022-03-22 20:07:54.624579+00:00
2022-03-22T20:07:54.300543Z,5737372,0.07971000,0.10000000,buy,2022-03-22 20:07:54.300543+00:00
2022-03-22T20:07:54.106597Z,5737371,0.07971000,0.10000000,buy,2022-03-22 20:07:54.106597+00:00
2022-03-22T20:07:53.315715Z,5737370,0.07971000,0.10000000,buy,2022-03-22 20:07:53.315715+00:00
2022-03-22T20:07:52.624611Z,5737369,0.07971000,0.10000000,buy,2022-03-22 20:07:52.624611+00:00
2022-03-22T20:07:52.493018Z,5737368,0.07971000,0.10000000,buy,2022-03-22 20:07:52.493018+00:00
2022-03-22T20:07:52.363629Z,5737367,0.07971000,0.10000000,buy,2022-03-22 20:07:52.363629+00:00
2022-03-22T20:07:52.248907Z,5737366,0.07971000,0.10000000,buy,2022-03-22 20:07:52.248907+00:00
2022-03-22T20:07:52.143379Z,5737365,0.07118000,0.01000000,sell,2022-03-22 20:07:52.143379+00:00
2022-03-22T17:53:29.586474Z,5737364,0.07074000,0.01000000,sell,2022-03-22 17:53:29.586474+00:00
2022-03-22T14:21:09.440006Z,5737363,0.07018000,0.00014220,sell,2022-03-22 14:21:09.440006+00:00
2022-03-22T14:19:39.461174Z,5737362,0.07023000,0.00014210,sell,2022-03-22 14:19:39.461174+00:00
2022-03-22T14:15:39.057279Z,5737361,0.07018000,0.00014220,sell,2022-03-22 14:15:39.057279+00:00
2022-03-22T14:09:09.4431Z,5737360,0.07009000,0.00014238,sell,2022-03-22 14:09:09.443100+00:00
2022-03-22T14:05:09.245258Z,5737359,0.07007000,0.00014242,sell,2022-03-22 14:05:09.245258+00:00
2022-03-22T14:02:09.250103Z,5737358,0.07004000,0.00014249,sell,2022-03-22 14:02:09.250103+00:00
2022-03-22T14:00:09.249695Z,5737357,0.07010000,0.00014236,sell,2022-03-22 14:00:09.249695+00:00
2022-03-22T13:56:38.644904Z,5737356,0.07006000,0.00014244,sell,2022-03-22 13:56:38.644904+00:00
2022-03-22T13:56:09.448161Z,5737355,0.07008000,0.00014240,sell,2022-03-22 13:56:09.448161+00:00
2022-03-22T13:51:38.677138Z,5737354,0.06996000,0.00014265,sell,2022-03-22 13:51:38.677138+00:00
2022-03-22T13:51:33.645019Z,5737353,0.06994000,0.00014297,buy,2022-03-22 13:51:33.645019+00:00
2022-03-22T13:51:28.648648Z,5737352,0.06996000,0.00014265,sell,2022-03-22 13:51:28.648648+00:00
2022-03-22T13:51:23.653534Z,5737351,0.06994000,0.00014297,buy,2022-03-22 13:51:23.653534+00:00
2022-03-22T13:51:18.651665Z,5737350,0.06996000,0.00014265,sell,2022-03-22 13:51:18.651665+00:00
2022-03-22T13:51:13.659109Z,5737349,0.06994000,0.00014297,buy,2022-03-22 13:51:13.659109+00:00
2022-03-22T13:50:08.567766Z,5737348,0.06997000,0.00014291,buy,2022-03-22 13:50:08.567766+00:00
2022-03-22T13:49:38.568968Z,5737347,0.06997000,0.00014291,buy,2022-03-22 13:49:38.568968+00:00
2022-03-22T13:41:38.363157Z,5737346,0.07008000,0.00014269,buy,2022-03-22 13:41:38.363157+00:00
2022-03-22T13:40:37.950847Z,5737345,0.07005000,0.00014275,buy,2022-03-22 13:40:37.950847+00:00
2022-03-22T13:38:08.365831Z,5737344,0.07002000,0.00014281,buy,2022-03-22 13:38:08.365831+00:00
2022-03-22T13:13:38.759496Z,5737343,0.07010000,0.00014265,buy,2022-03-22 13:13:38.759496+00:00
2022-03-22T12:54:08.559868Z,5737342,0.07000000,0.00014285,buy,2022-03-22 12:54:08.559868+00:00
2022-03-22T12:42:38.564725Z,5737341,0.07013000,0.00014230,sell,2022-03-22 12:42:38.564725+00:00
2022-03-22T12:38:57.568932Z,5737340,0.07027000,0.00014202,sell,2022-03-22 12:38:57.568932+00:00
2022-03-22T12:38:52.578825Z,5737339,0.06995000,0.00014295,buy,2022-03-22 12:38:52.578825+00:00
2022-03-22T12:38:37.959187Z,5737338,0.07015000,0.00014226,sell,2022-03-22 12:38:37.959187+00:00
2022-03-22T12:33:38.371065Z,5737337,0.07012000,0.00014232,sell,2022-03-22 12:33:38.371065+00:00
2022-03-22T12:31:38.161945Z,5737336,0.07012000,0.00014232,sell,2022-03-22 12:31:38.161945+00:00
2022-03-22T12:29:37.776345Z,5737335,0.07005000,0.00014246,sell,2022-03-22 12:29:37.776345+00:00
2022-03-22T12:29:33.365724Z,5737334,0.07003000,0.00014279,buy,2022-03-22 12:29:33.365724+00:00
2022-03-22T12:29:28.36464Z,5737333,0.07005000,0.00014246,sell,2022-03-22 12:29:28.364640+00:00
2022-03-22T12:29:23.367193Z,5737332,0.07003000,0.00014279,buy,2022-03-22 12:29:23.367193+00:00
2022-03-22T12:29:18.374911Z,5737331,0.07005000,0.00014246,sell,2022-03-22 12:29:18.374911+00:00
2022-03-22T12:29:13.380619Z,5737330,0.07003000,0.00014279,buy,2022-03-22 12:29:13.380619+00:00
2022-03-22T12:05:08.037183Z,5737329,0.07041000,0.00014174,sell,2022-03-22 12:05:08.037183+00:00
2022-03-22T12:05:02.539324Z,5737328,0.07039000,0.00014206,buy,2022-03-22 12:05:02.539324+00:00
2022-03-22T12:04:57.440267Z,5737327,0.07041000,0.00014174,sell,2022-03-22 12:04:57.440267+00:00
2022-03-22T12:04:52.441549Z,5737326,0.07039000,0.00014206,buy,2022-03-22 12:04:52.441549+00:00
2022-03-22T12:04:47.460484Z,5737325,0.07041000,0.00014174,sell,2022-03-22 12:04:47.460484+00:00
2022-03-22T12:04:42.454589Z,5737324,0.07039000,0.00014206,buy,2022-03-22 12:04:42.454589+00:00
2022-03-22T11:51:06.945513Z,5737323,0.07021000,0.00014242,buy,2022-03-22 11:51:06.945513+00:00
2022-03-22T11:50:07.3479Z,5737322,0.07022000,0.00014240,buy,2022-03-22 11:50:07.347900+00:00
2022-03-22T11:46:36.338069Z,5737321,0.07024000,0.00014236,buy,2022-03-22 11:46:36.338069+00:00
2022-03-22T11:39:07.132109Z,5737320,0.07033000,0.00014218,buy,2022-03-22 11:39:07.132109+00:00
2022-03-22T11:32:07.133089Z,5737319,0.07033000,0.00014218,buy,2022-03-22 11:32:07.133089+00:00
2022-03-22T11:28:07.350942Z,5737318,0.07035000,0.00014214,buy,2022-03-22 11:28:07.350942+00:00
2022-03-22T11:01:07.134826Z,5737317,0.07050000,0.00014156,sell,2022-03-22 11:01:07.134826+00:00
2022-03-22T10:47:36.202296Z,5737316,0.08000000,0.00012475,sell,2022-03-22 10:47:36.202296+00:00
2022-03-22T10:46:07.332903Z,5737315,0.07046000,0.00014164,sell,2022-03-22 10:46:07.332903+00:00
2022-03-22T10:41:07.134698Z,5737314,0.07046000,0.00014164,sell,2022-03-22 10:41:07.134698+00:00
2022-03-22T10:41:02.143751Z,5737313,0.07044000,0.00014196,buy,2022-03-22 10:41:02.143751+00:00
2022-03-22T10:40:57.153456Z,5737312,0.07046000,0.00014164,sell,2022-03-22 10:40:57.153456+00:00
2022-03-22T10:40:52.136127Z,5737311,0.07044000,0.00014196,buy,2022-03-22 10:40:52.136127+00:00
2022-03-22T10:40:47.150952Z,5737310,0.07046000,0.00014164,sell,2022-03-22 10:40:47.150952+00:00
2022-03-22T10:40:42.149075Z,5737309,0.07044000,0.00014196,buy,2022-03-22 10:40:42.149075+00:00
2022-03-22T10:38:05.853743Z,5737308,0.07052000,0.00014152,sell,2022-03-22 10:38:05.853743+00:00
2022-03-22T10:33:36.260882Z,5737307,0.07045000,0.00014166,sell,2022-03-22 10:33:36.260882+00:00
2022-03-22T10:30:06.470792Z,5737306,0.07055000,0.00014145,sell,2022-03-22 10:30:06.470792+00:00
2022-03-22T10:30:00.85735Z,5737305,0.07053000,0.00014178,buy,2022-03-22 10:30:00.857350+00:00
2022-03-22T10:29:55.86377Z,5737304,0.07055000,0.00014145,sell,2022-03-22 10:29:55.863770+00:00
2022-03-22T10:29:50.850396Z,5737303,0.07053000,0.00014178,buy,2022-03-22 10:29:50.850396+00:00
2022-03-22T10:29:45.860105Z,5737302,0.07055000,0.00014145,sell,2022-03-22 10:29:45.860105+00:00
2022-03-22T10:29:40.85703Z,5737301,0.07053000,0.00014178,buy,2022-03-22 10:29:40.857030+00:00
2022-03-22T10:28:35.585813Z,5737300,0.07056000,0.00014143,sell,2022-03-22 10:28:35.585813+00:00
2022-03-22T10:28:30.789485Z,5737299,0.07054000,0.00014176,buy,2022-03-22 10:28:30.789485+00:00
2022-03-22T10:28:25.782746Z,5737298,0.07056000,0.00014143,sell,2022-03-22 10:28:25.782746+00:00
2022-03-22T10:28:20.786844Z,5737297,0.07054000,0.00014176,buy,2022-03-22 10:28:20.786844+00:00
2022-03-22T10:28:15.806404Z,5737296,0.07056000,0.00014143,sell,2022-03-22 10:28:15.806404+00:00
2022-03-22T10:28:10.802515Z,5737295,0.07054000,0.00014176,buy,2022-03-22 10:28:10.802515+00:00
2022-03-22T10:24:04.498862Z,5737294,0.07061000,0.00014133,sell,2022-03-22 10:24:04.498862+00:00
2022-03-22T09:59:35.288971Z,5737293,0.07076000,0.00014104,sell,2022-03-22 09:59:35.288971+00:00
2022-03-22T09:56:34.492004Z,5737292,0.07075000,0.00014106,sell,2022-03-22 09:56:34.492004+00:00
2022-03-22T09:55:35.305472Z,5737291,0.07076000,0.00014104,sell,2022-03-22 09:55:35.305472+00:00
2022-03-22T09:54:34.310568Z,5737290,0.07078000,0.00014100,sell,2022-03-22 09:54:34.310568+00:00
2022-03-22T09:50:35.096954Z,5737289,0.07082000,0.00014092,sell,2022-03-22 09:50:35.096954+00:00
2022-03-22T09:48:34.890854Z,5737288,0.07082000,0.00014092,sell,2022-03-22 09:48:34.890854+00:00
2022-03-22T09:46:05.099726Z,5737287,0.08000000,0.00012475,sell,2022-03-22 09:46:05.099726+00:00
2022-03-22T09:39:35.107027Z,5737286,0.07072000,0.00014111,sell,2022-03-22 09:39:35.107027+00:00
2022-03-22T09:31:35.294979Z,5737285,0.07072000,0.00014111,sell,2022-03-22 09:31:35.294979+00:00
2022-03-22T09:26:04.101138Z,5737284,0.07072000,0.00014111,sell,2022-03-22 09:26:04.101138+00:00
2022-03-22T09:25:59.106182Z,5737283,0.07070000,0.00014144,buy,2022-03-22 09:25:59.106182+00:00
2022-03-22T09:25:54.097133Z,5737282,0.07072000,0.00014111,sell,2022-03-22 09:25:54.097133+00:00
2022-03-22T09:25:49.105261Z,5737281,0.07070000,0.00014144,buy,2022-03-22 09:25:49.105261+00:00
2022-03-22T09:25:44.111291Z,5737280,0.07072000,0.00014111,sell,2022-03-22 09:25:44.111291+00:00
2022-03-22T09:25:39.099049Z,5737279,0.07070000,0.00014144,buy,2022-03-22 09:25:39.099049+00:00
2022-03-22T09:25:04.632229Z,5737278,0.07076000,0.00014104,sell,2022-03-22 09:25:04.632229+00:00
2022-03-22T09:24:33.441676Z,5737277,0.07078000,0.00014100,sell,2022-03-22 09:24:33.441676+00:00
2022-03-22T09:24:28.428085Z,5737276,0.07076000,0.00014132,buy,2022-03-22 09:24:28.428085+00:00
2022-03-22T09:24:23.426341Z,5737275,0.07078000,0.00014100,sell,2022-03-22 09:24:23.426341+00:00
2022-03-22T09:24:18.427871Z,5737274,0.07076000,0.00014132,buy,2022-03-22 09:24:18.427871+00:00
2022-03-22T09:24:13.434798Z,5737273,0.07078000,0.00014100,sell,2022-03-22 09:24:13.434798+00:00
2022-03-22T09:24:08.432402Z,5737272,0.07076000,0.00014132,buy,2022-03-22 09:24:08.432402+00:00
2022-03-22T09:24:04.031969Z,5737271,0.07078000,0.00014100,sell,2022-03-22 09:24:04.031969+00:00
2022-03-22T09:19:33.536602Z,5737270,0.07076000,0.00014104,sell,2022-03-22 09:19:33.536602+00:00
2022-03-22T09:15:03.938661Z,5737269,0.07081000,0.00014094,sell,2022-03-22 09:15:03.938661+00:00
2022-03-22T09:03:03.536292Z,5737268,0.07077000,0.00014102,sell,2022-03-22 09:03:03.536292+00:00
2022-03-22T08:26:03.145386Z,5737267,0.07099000,0.00014058,sell,2022-03-22 08:26:03.145386+00:00
2022-03-22T08:18:33.350816Z,5737266,0.07094000,0.00014068,sell,2022-03-22 08:18:33.350816+00:00
2022-03-22T08:13:03.53924Z,5737265,0.07092000,0.00014072,sell,2022-03-22 08:13:03.539240+00:00
2022-03-22T08:09:02.868297Z,5737264,0.07092000,0.00014072,sell,2022-03-22 08:09:02.868297+00:00
2022-03-22T08:04:33.552912Z,5737263,0.07095000,0.00014066,sell,2022-03-22 08:04:33.552912+00:00
2022-03-22T08:02:03.950006Z,5737262,0.07097000,0.00014062,sell,2022-03-22 08:02:03.950006+00:00
2022-03-22T07:57:33.533291Z,5737261,0.07088000,0.00014080,sell,2022-03-22 07:57:33.533291+00:00
2022-03-22T07:39:02.769746Z,5737260,0.08000000,0.00012475,sell,2022-03-22 07:39:02.769746+00:00
2022-03-22T07:38:58.131947Z,5737259,0.07079000,0.00014126,buy,2022-03-22 07:38:58.131947+00:00
2022-03-22T07:38:53.133128Z,5737258,0.07081000,0.00014094,sell,2022-03-22 07:38:53.133128+00:00
2022-03-22T07:38:48.156294Z,5737257,0.07079000,0.00014126,buy,2022-03-22 07:38:48.156294+00:00
2022-03-22T07:38:43.144558Z,5737256,0.07081000,0.00014094,sell,2022-03-22 07:38:43.144558+00:00
2022-03-22T07:38:38.146625Z,5737255,0.07079000,0.00014126,buy,2022-03-22 07:38:38.146625+00:00
2022-03-22T07:30:03.587914Z,5737254,0.07081000,0.00980000,buy,2022-03-22 07:30:03.587914+00:00
2022-03-22T07:30:02.862889Z,5737253,0.07083000,0.00014090,sell,2022-03-22 07:30:02.862889+00:00
2022-03-22T07:23:02.6167Z,5737252,0.07082000,0.00014092,sell,2022-03-22 07:23:02.616700+00:00
2022-03-22T07:22:32.578429Z,5737251,0.07080000,0.00014096,sell,2022-03-22 07:22:32.578429+00:00
2022-03-22T07:20:32.547234Z,5737250,0.07074000,0.00270000,buy,2022-03-22 07:20:32.547234+00:00
2022-03-22T07:11:02.593946Z,5737249,0.07070000,0.00014115,sell,2022-03-22 07:11:02.593946+00:00
2022-03-22T07:07:02.800727Z,5737248,0.07069000,0.00014117,sell,2022-03-22 07:07:02.800727+00:00
2022-03-22T07:02:02.781519Z,5737247,0.07068000,0.00014119,sell,2022-03-22 07:02:02.781519+00:00
2022-03-22T06:50:02.799326Z,5737246,0.08000000,0.00012475,sell,2022-03-22 06:50:02.799326+00:00
2022-03-22T06:41:31.979415Z,5737245,0.07071000,0.00014113,sell,2022-03-22 06:41:31.979415+00:00
2022-03-22T06:36:02.784428Z,5737244,0.07068000,0.00014119,sell,2022-03-22 06:36:02.784428+00:00
2022-03-22T06:29:33.008229Z,5737243,0.07063000,0.00014129,sell,2022-03-22 06:29:33.008229+00:00
2022-03-22T06:29:02.782484Z,5737242,0.07062000,0.00014131,sell,2022-03-22 06:29:02.782484+00:00
2022-03-22T06:20:32.784126Z,5737241,0.07050000,0.00014156,sell,2022-03-22 06:20:32.784126+00:00
2022-03-22T06:14:32.380774Z,5737240,0.07044000,0.00014168,sell,2022-03-22 06:14:32.380774+00:00
2022-03-22T06:11:32.580507Z,5737239,0.07039000,0.00014178,sell,2022-03-22 06:11:32.580507+00:00
2022-03-22T06:08:32.377403Z,5737238,0.07043000,0.00014170,sell,2022-03-22 06:08:32.377403+00:00
2022-03-22T05:49:32.774972Z,5737237,0.07032000,0.00014192,sell,2022-03-22 05:49:32.774972+00:00
2022-03-22T05:26:02.412797Z,5737236,0.07045000,0.00014166,sell,2022-03-22 05:26:02.412797+00:00
2022-03-22T05:01:32.978415Z,5737235,0.07041000,0.00014174,sell,2022-03-22 05:01:32.978415+00:00
2022-03-22T04:54:02.592709Z,5737234,0.07050000,0.00014156,sell,2022-03-22 04:54:02.592709+00:00
2022-03-22T04:38:32.987332Z,5737233,0.07056000,0.00014143,sell,2022-03-22 04:38:32.987332+00:00
2022-03-22T04:38:02.782752Z,5737232,0.07051000,0.00014154,sell,2022-03-22 04:38:02.782752+00:00
2022-03-22T04:33:32.825588Z,5737231,0.07042000,0.00014172,sell,2022-03-22 04:33:32.825588+00:00
2022-03-22T04:32:02.611287Z,5737230,0.07050000,0.00014156,sell,2022-03-22 04:32:02.611287+00:00
2022-03-22T04:28:31.995774Z,5737229,0.07059000,0.00014137,sell,2022-03-22 04:28:31.995774+00:00
2022-03-22T04:23:32.826517Z,5737228,0.07104000,0.00014048,sell,2022-03-22 04:23:32.826517+00:00
2022-03-22T04:08:32.778867Z,5737227,0.07111000,0.00014034,sell,2022-03-22 04:08:32.778867+00:00
2022-03-22T04:02:02.600238Z,5737226,0.07120000,0.00014016,sell,2022-03-22 04:02:02.600238+00:00
2022-03-22T03:55:02.798768Z,5737225,0.07125000,0.00014007,sell,2022-03-22 03:55:02.798768+00:00
2022-03-22T03:52:32.195349Z,5737224,0.07136000,0.00013985,sell,2022-03-22 03:52:32.195349+00:00
2022-03-22T03:50:02.802773Z,5737223,0.07130000,0.00013997,sell,2022-03-22 03:50:02.802773+00:00
2022-03-22T03:49:02.235175Z,5737222,0.07131000,0.00013995,sell,2022-03-22 03:49:02.235175+00:00
2022-03-22T03:48:56.800902Z,5737221,0.07129000,0.00014027,buy,2022-03-22 03:48:56.800902+00:00
2022-03-22T03:48:51.798466Z,5737220,0.07131000,0.00013995,sell,2022-03-22 03:48:51.798466+00:00
2022-03-22T03:48:46.791837Z,5737219,0.07129000,0.00014027,buy,2022-03-22 03:48:46.791837+00:00
2022-03-22T03:48:41.804093Z,5737218,0.07131000,0.00013995,sell,2022-03-22 03:48:41.804093+00:00
2022-03-22T03:48:36.796692Z,5737217,0.07129000,0.00014027,buy,2022-03-22 03:48:36.796692+00:00
2022-03-22T03:46:02.306156Z,5737216,0.07133000,0.00013991,sell,2022-03-22 03:46:02.306156+00:00
2022-03-22T03:42:01.775471Z,5737215,0.07131000,0.00013995,sell,2022-03-22 03:42:01.775471+00:00
2022-03-22T03:39:02.325325Z,5737214,0.07126000,0.00014005,sell,2022-03-22 03:39:02.325325+00:00
2022-03-22T03:36:02.116971Z,5737213,0.07130000,0.00013997,sell,2022-03-22 03:36:02.116971+00:00
2022-03-22T03:33:01.309458Z,5737212,0.07127000,0.00014003,sell,2022-03-22 03:33:01.309458+00:00
2022-03-22T03:26:02.112681Z,5737211,0.07129000,0.00013999,sell,2022-03-22 03:26:02.112681+00:00
2022-03-22T03:22:02.301787Z,5737210,0.07133000,0.00013991,sell,2022-03-22 03:22:02.301787+00:00
2022-03-22T03:16:02.325955Z,5737209,0.07068000,0.00014119,sell,2022-03-22 03:16:02.325955+00:00
2022-03-22T03:15:57.336642Z,5737208,0.07066000,0.00014152,buy,2022-03-22 03:15:57.336642+00:00
2022-03-22T03:15:52.31858Z,5737207,0.07068000,0.00014119,sell,2022-03-22 03:15:52.318580+00:00
2022-03-22T03:15:47.313732Z,5737206,0.07066000,0.00014152,buy,2022-03-22 03:15:47.313732+00:00
2022-03-22T03:15:42.317808Z,5737205,0.07068000,0.00014119,sell,2022-03-22 03:15:42.317808+00:00
2022-03-22T03:15:37.322411Z,5737204,0.07066000,0.00014152,buy,2022-03-22 03:15:37.322411+00:00
2022-03-22T03:15:32.339386Z,5737203,0.07068000,0.00014119,sell,2022-03-22 03:15:32.339386+00:00
2022-03-22T03:14:31.638629Z,5737202,0.07073000,0.00014109,sell,2022-03-22 03:14:31.638629+00:00
2022-03-22T03:14:25.830838Z,5737201,0.07071000,0.00014142,buy,2022-03-22 03:14:25.830838+00:00
2022-03-22T03:14:20.836013Z,5737200,0.07073000,0.00014109,sell,2022-03-22 03:14:20.836013+00:00
2022-03-22T03:14:15.816129Z,5737199,0.07071000,0.00014142,buy,2022-03-22 03:14:15.816129+00:00
2022-03-22T03:14:10.817182Z,5737198,0.07073000,0.00014109,sell,2022-03-22 03:14:10.817182+00:00
2022-03-22T03:14:05.826683Z,5737197,0.07071000,0.00014142,buy,2022-03-22 03:14:05.826683+00:00
2022-03-22T03:13:00.71617Z,5737196,0.07071000,0.00014113,sell,2022-03-22 03:13:00.716170+00:00
2022-03-22T03:11:30.706426Z,5737195,0.07071000,0.00014113,sell,2022-03-22 03:11:30.706426+00:00
2022-03-22T03:09:00.106421Z,5737194,0.07069000,0.00014117,sell,2022-03-22 03:09:00.106421+00:00
2022-03-22T03:01:00.316078Z,5737193,0.07083000,0.00014090,sell,2022-03-22 03:01:00.316078+00:00
2022-03-22T03:00:00.105831Z,5737192,0.08000000,0.00012475,sell,2022-03-22 03:00:00.105831+00:00
2022-03-22T02:57:30.903432Z,5737191,0.07093000,0.00014070,sell,2022-03-22 02:57:30.903432+00:00
2022-03-22T02:55:59.902739Z,5737190,0.07090000,0.00014076,sell,2022-03-22 02:55:59.902739+00:00
2022-03-22T02:49:00.303492Z,5737189,0.07095000,0.00014066,sell,2022-03-22 02:49:00.303492+00:00
2022-03-22T02:48:00.525196Z,5737188,0.07089000,0.00014078,sell,2022-03-22 02:48:00.525196+00:00
2022-03-22T02:47:00.101302Z,5737187,0.07083000,0.00014090,sell,2022-03-22 02:47:00.101302+00:00
2022-03-22T02:42:00.905471Z,5737186,0.07073000,0.00014109,sell,2022-03-22 02:42:00.905471+00:00
2022-03-22T02:41:30.107251Z,5737185,0.07069000,0.00014117,sell,2022-03-22 02:41:30.107251+00:00
2022-03-22T02:41:25.097631Z,5737184,0.07067000,0.00014150,buy,2022-03-22 02:41:25.097631+00:00
2022-03-22T02:41:20.119361Z,5737183,0.07069000,0.00014117,sell,2022-03-22 02:41:20.119361+00:00
2022-03-22T02:41:15.117311Z,5737182,0.07067000,0.00014150,buy,2022-03-22 02:41:15.117311+00:00
2022-03-22T02:41:10.101738Z,5737181,0.07069000,0.00014117,sell,2022-03-22 02:41:10.101738+00:00
2022-03-22T02:41:05.120173Z,5737180,0.07067000,0.00014150,buy,2022-03-22 02:41:05.120173+00:00
2022-03-22T02:33:59.766413Z,5737179,0.07065000,0.00014125,sell,2022-03-22 02:33:59.766413+00:00
2022-03-22T02:30:29.77817Z,5737178,0.07063000,0.00014129,sell,2022-03-22 02:30:29.778170+00:00
2022-03-22T02:28:29.379831Z,5737177,0.07069000,0.00014117,sell,2022-03-22 02:28:29.379831+00:00
2022-03-22T02:17:30.17913Z,5737176,0.07045000,0.00014166,sell,2022-03-22 02:17:30.179130+00:00
2022-03-22T02:15:00.19773Z,5737175,0.07033000,0.00014190,sell,2022-03-22 02:15:00.197730+00:00
2022-03-22T02:07:29.772274Z,5737174,0.07055000,0.00014145,sell,2022-03-22 02:07:29.772274+00:00
2022-03-22T02:06:29.591249Z,5737173,0.07049000,0.00014158,sell,2022-03-22 02:06:29.591249+00:00
2022-03-22T01:48:59.58488Z,5737172,0.07033000,0.00014190,sell,2022-03-22 01:48:59.584880+00:00
2022-03-22T01:47:29.771864Z,5737171,0.07036000,0.00014184,sell,2022-03-22 01:47:29.771864+00:00
2022-03-22T01:32:00.170389Z,5737170,0.07044000,0.00014168,sell,2022-03-22 01:32:00.170389+00:00
2022-03-22T01:29:30.174388Z,5737169,0.07050000,0.00014156,sell,2022-03-22 01:29:30.174388+00:00
2022-03-22T01:28:00.182591Z,5737168,0.07054000,0.00014148,sell,2022-03-22 01:28:00.182591+00:00
2022-03-22T01:23:59.780588Z,5737167,0.07061000,0.00014133,sell,2022-03-22 01:23:59.780588+00:00
2022-03-22T01:13:29.969044Z,5737166,0.07069000,0.00014117,sell,2022-03-22 01:13:29.969044+00:00
2022-03-22T01:04:30.012639Z,5737165,0.07059000,0.00014137,sell,2022-03-22 01:04:30.012639+00:00
2022-03-22T01:02:29.375998Z,5737164,0.07058000,0.00014139,sell,2022-03-22 01:02:29.375998+00:00
2022-03-22T00:48:29.978172Z,5737163,0.07067000,0.00014121,sell,2022-03-22 00:48:29.978172+00:00
2022-03-22T00:46:59.778612Z,5737162,0.07063000,0.00014129,sell,2022-03-22 00:46:59.778612+00:00
2022-03-22T00:39:29.769316Z,5737161,0.07069000,0.00014117,sell,2022-03-22 00:39:29.769316+00:00
2022-03-22T00:38:29.586757Z,5737160,0.07071000,0.00014113,sell,2022-03-22 00:38:29.586757+00:00
2022-03-22T00:25:30.184252Z,5737159,0.07068000,0.00014119,sell,2022-03-22 00:25:30.184252+00:00
2022-03-22T00:22:59.975471Z,5737158,0.07067000,0.00014121,sell,2022-03-22 00:22:59.975471+00:00
2022-03-22T00:14:29.366583Z,5737157,0.07059000,0.00014137,sell,2022-03-22 00:14:29.366583+00:00
2022-03-22T00:05:29.782001Z,5737156,0.07056000,0.00014143,sell,2022-03-22 00:05:29.782001+00:00
2022-03-21T23:46:59.984863Z,5737155,0.07061000,0.00014133,sell,2022-03-21 23:46:59.984863+00:00
2022-03-21T23:37:29.777911Z,5737154,0.07056000,0.00014143,sell,2022-03-21 23:37:29.777911+00:00
2022-03-21T23:34:29.80124Z,5737153,0.07052000,0.00014152,sell,2022-03-21 23:34:29.801240+00:00
2022-03-21T23:34:24.171822Z,5737152,0.07050000,0.00014184,buy,2022-03-21 23:34:24.171822+00:00
2022-03-21T23:34:19.187807Z,5737151,0.07052000,0.00014152,sell,2022-03-21 23:34:19.187807+00:00
2022-03-21T23:34:14.175655Z,5737150,0.07050000,0.00014184,buy,2022-03-21 23:34:14.175655+00:00
2022-03-21T23:34:09.182175Z,5737149,0.07052000,0.00014152,sell,2022-03-21 23:34:09.182175+00:00
2022-03-21T23:34:04.175411Z,5737148,0.07050000,0.00014184,buy,2022-03-21 23:34:04.175411+00:00
2022-03-21T23:30:29.254041Z,5737147,0.07048000,0.00014160,sell,2022-03-21 23:30:29.254041+00:00
2022-03-21T23:17:29.057402Z,5737146,0.07085000,0.00014086,sell,2022-03-21 23:17:29.057402+00:00
2022-03-21T23:10:59.443067Z,5737145,0.07079000,0.00014098,sell,2022-03-21 23:10:59.443067+00:00
2022-03-21T23:04:28.849011Z,5737144,0.07074000,0.00014108,sell,2022-03-21 23:04:28.849011+00:00
2022-03-21T22:57:28.654998Z,5737143,0.08000000,0.00012475,sell,2022-03-21 22:57:28.654998+00:00
2022-03-21T22:52:29.457781Z,5737142,0.07068000,0.00014119,sell,2022-03-21 22:52:29.457781+00:00
2022-03-21T22:27:28.451826Z,5737141,0.07077000,0.00014102,sell,2022-03-21 22:27:28.451826+00:00
2022-03-21T22:24:59.472578Z,5737140,0.07073000,0.00014109,sell,2022-03-21 22:24:59.472578+00:00
2022-03-21T22:11:59.451228Z,5737139,0.07062000,0.00014131,sell,2022-03-21 22:11:59.451228+00:00
2022-03-21T22:02:58.659459Z,5737138,0.08000000,0.00012475,sell,2022-03-21 22:02:58.659459+00:00
2022-03-21T21:56:29.248857Z,5737137,0.07067000,0.00014121,sell,2022-03-21 21:56:29.248857+00:00
2022-03-21T21:51:29.467502Z,5737136,0.07068000,0.00014119,sell,2022-03-21 21:51:29.467502+00:00
2022-03-21T21:48:59.459537Z,5737135,0.07062000,0.00014131,sell,2022-03-21 21:48:59.459537+00:00
2022-03-21T21:45:59.268246Z,5737134,0.07073000,0.00014109,sell,2022-03-21 21:45:59.268246+00:00
2022-03-21T21:41:59.473705Z,5737133,0.07072000,0.00014111,sell,2022-03-21 21:41:59.473705+00:00
2022-03-21T21:34:29.250337Z,5737132,0.08000000,0.00012475,sell,2022-03-21 21:34:29.250337+00:00
2022-03-21T21:29:59.057712Z,5737131,0.07069000,0.00014117,sell,2022-03-21 21:29:59.057712+00:00
2022-03-21T21:21:58.654521Z,5737130,0.07069000,0.00014117,sell,2022-03-21 21:21:58.654521+00:00
2022-03-21T21:19:29.085114Z,5737129,0.07070000,0.00014115,sell,2022-03-21 21:19:29.085114+00:00
2022-03-21T21:15:29.451648Z,5737128,0.07065000,0.00014125,sell,2022-03-21 21:15:29.451648+00:00
2022-03-21T19:24:29.449814Z,5737127,0.07085000,0.00014086,sell,2022-03-21 19:24:29.449814+00:00
2022-03-21T19:16:28.449742Z,5737126,0.07098000,0.00014060,sell,2022-03-21 19:16:28.449742+00:00
2022-03-21T19:02:59.25897Z,5737125,0.07104000,0.00014048,sell,2022-03-21 19:02:59.258970+00:00
2022-03-21T19:00:58.652074Z,5737124,0.08000000,0.00012475,sell,2022-03-21 19:00:58.652074+00:00
2022-03-21T18:56:28.646787Z,5737123,0.07103000,0.00014050,sell,2022-03-21 18:56:28.646787+00:00
2022-03-21T18:51:29.074726Z,5737122,0.07111000,0.00014034,sell,2022-03-21 18:51:29.074726+00:00
2022-03-21T18:46:28.852253Z,5737121,0.07116000,0.00014024,sell,2022-03-21 18:46:28.852253+00:00
2022-03-21T18:28:28.359019Z,5737120,0.08000000,0.00012475,sell,2022-03-21 18:28:28.359019+00:00
2022-03-21T18:23:58.46117Z,5737119,0.07101000,0.00014054,sell,2022-03-21 18:23:58.461170+00:00
2022-03-21T18:21:59.062517Z,5737118,0.07095000,0.00014066,sell,2022-03-21 18:21:59.062517+00:00
2022-03-21T18:20:28.667627Z,5737117,0.07096000,0.00014064,sell,2022-03-21 18:20:28.667627+00:00
2022-03-21T18:08:29.248831Z,5737116,0.08000000,0.00012475,sell,2022-03-21 18:08:29.248831+00:00
2022-03-21T18:05:29.628017Z,5737115,0.07109000,0.00014038,sell,2022-03-21 18:05:29.628017+00:00
2022-03-21T18:03:59.049411Z,5737114,0.07109000,0.00014038,sell,2022-03-21 18:03:59.049411+00:00
2022-03-21T18:00:28.857544Z,5737113,0.07110000,0.00014036,sell,2022-03-21 18:00:28.857544+00:00
2022-03-21T17:58:29.058568Z,5737112,0.07113000,0.00014030,sell,2022-03-21 17:58:29.058568+00:00
2022-03-21T17:53:58.863062Z,5737111,0.07115000,0.00014026,sell,2022-03-21 17:53:58.863062+00:00
2022-03-21T17:52:59.252046Z,5737110,0.07114000,0.00014028,sell,2022-03-21 17:52:59.252046+00:00
2022-03-21T17:49:58.473993Z,5737109,0.07108000,0.00014040,sell,2022-03-21 17:49:58.473993+00:00
2022-03-21T17:45:59.265327Z,5737108,0.07106000,0.00014044,sell,2022-03-21 17:45:59.265327+00:00
2022-03-21T17:44:59.243099Z,5737107,0.07114000,0.00014028,sell,2022-03-21 17:44:59.243099+00:00
2022-03-21T17:35:28.648488Z,5737106,0.07121000,0.00014014,sell,2022-03-21 17:35:28.648488+00:00
2022-03-21T17:33:59.254683Z,5737105,0.07126000,0.00014005,sell,2022-03-21 17:33:59.254683+00:00
2022-03-21T17:30:58.298144Z,5737104,0.08000000,0.00012475,sell,2022-03-21 17:30:58.298144+00:00
2022-03-21T17:29:29.463701Z,5737103,0.07108000,0.00014040,sell,2022-03-21 17:29:29.463701+00:00
2022-03-21T17:24:58.851656Z,5737102,0.07106000,0.00014044,sell,2022-03-21 17:24:58.851656+00:00
2022-03-21T17:19:59.467485Z,5737101,0.07103000,0.00014050,sell,2022-03-21 17:19:59.467485+00:00
2022-03-21T17:19:54.280263Z,5737100,0.07101000,0.00014082,buy,2022-03-21 17:19:54.280263+00:00
2022-03-21T17:19:49.259256Z,5737099,0.07103000,0.00014050,sell,2022-03-21 17:19:49.259256+00:00
2022-03-21T17:19:44.272658Z,5737098,0.07101000,0.00014082,buy,2022-03-21 17:19:44.272658+00:00
2022-03-21T17:19:39.270245Z,5737097,0.07103000,0.00014050,sell,2022-03-21 17:19:39.270245+00:00
2022-03-21T17:19:34.266324Z,5737096,0.07101000,0.00014082,buy,2022-03-21 17:19:34.266324+00:00
2022-03-21T17:18:57.541209Z,5737095,0.08000000,0.00012475,sell,2022-03-21 17:18:57.541209+00:00
2022-03-21T17:17:57.72271Z,5737094,0.07109000,0.00014038,sell,2022-03-21 17:17:57.722710+00:00
2022-03-21T17:16:57.913238Z,5737093,0.07113000,0.00014030,sell,2022-03-21 17:16:57.913238+00:00
2022-03-21T17:16:28.718197Z,5737092,0.07113000,0.00014030,sell,2022-03-21 17:16:28.718197+00:00
2022-03-21T17:11:58.319514Z,5737091,0.07122000,0.00014012,sell,2022-03-21 17:11:58.319514+00:00
2022-03-21T17:08:27.913017Z,5737090,0.07120000,0.00014016,sell,2022-03-21 17:08:27.913017+00:00
2022-03-21T17:07:58.515922Z,5737089,0.07121000,0.00014014,sell,2022-03-21 17:07:58.515922+00:00
2022-03-21T17:04:27.933161Z,5737088,0.07125000,0.00014007,sell,2022-03-21 17:04:27.933161+00:00
2022-03-21T17:01:58.721451Z,5737087,0.07120000,0.00014016,sell,2022-03-21 17:01:58.721451+00:00
2022-03-21T17:00:58.517126Z,5737086,0.07129000,0.00013999,sell,2022-03-21 17:00:58.517126+00:00
2022-03-21T16:56:28.514364Z,5737085,0.07135000,0.00013987,sell,2022-03-21 16:56:28.514364+00:00
2022-03-21T16:54:27.714692Z,5737084,0.07142000,0.00013973,sell,2022-03-21 16:54:27.714692+00:00
2022-03-21T16:52:28.717045Z,5737083,0.07149000,0.00013959,sell,2022-03-21 16:52:28.717045+00:00
2022-03-21T16:50:28.51679Z,5737082,0.07162000,0.00013934,sell,2022-03-21 16:50:28.516790+00:00
2022-03-21T16:46:28.329009Z,5737081,0.07163000,0.00013932,sell,2022-03-21 16:46:28.329009+00:00
2022-03-21T16:45:28.313654Z,5737080,0.07161000,0.00013936,sell,2022-03-21 16:45:28.313654+00:00
2022-03-21T16:42:28.715101Z,5737079,0.07164000,0.00013930,sell,2022-03-21 16:42:28.715101+00:00
2022-03-21T16:31:28.71576Z,5737078,0.07161000,0.00013936,sell,2022-03-21 16:31:28.715760+00:00
2022-03-21T16:27:58.133984Z,5737077,0.07164000,0.00013930,sell,2022-03-21 16:27:58.133984+00:00
2022-03-21T16:26:28.515792Z,5737076,0.07163000,0.00013932,sell,2022-03-21 16:26:28.515792+00:00
2022-03-21T16:21:28.513153Z,5737075,0.07167000,0.00013924,sell,2022-03-21 16:21:28.513153+00:00
2022-03-21T16:15:58.330302Z,5737074,0.08000000,0.00012475,sell,2022-03-21 16:15:58.330302+00:00
2022-03-21T16:15:53.328414Z,5737073,0.07170000,0.00013947,buy,2022-03-21 16:15:53.328414+00:00
2022-03-21T16:15:48.330836Z,5737072,0.07172000,0.00013915,sell,2022-03-21 16:15:48.330836+00:00
2022-03-21T16:15:43.313321Z,5737071,0.07170000,0.00013947,buy,2022-03-21 16:15:43.313321+00:00
2022-03-21T16:15:38.321776Z,5737070,0.07172000,0.00013915,sell,2022-03-21 16:15:38.321776+00:00
2022-03-21T16:15:33.323475Z,5737069,0.07170000,0.00013947,buy,2022-03-21 16:15:33.323475+00:00
2022-03-21T16:14:58.013619Z,5737068,0.07172000,0.00013915,sell,2022-03-21 16:14:58.013619+00:00
2022-03-21T16:12:57.807876Z,5737067,0.07177000,0.00013905,sell,2022-03-21 16:12:57.807876+00:00
2022-03-21T16:09:57.404388Z,5737066,0.07180000,0.00013899,sell,2022-03-21 16:09:57.404388+00:00
2022-03-21T16:04:57.604777Z,5737065,0.07177000,0.00013905,sell,2022-03-21 16:04:57.604777+00:00
2022-03-21T16:03:57.797257Z,5737064,0.07178000,0.00013903,sell,2022-03-21 16:03:57.797257+00:00
2022-03-21T15:58:57.79432Z,5737063,0.07166000,0.00013926,sell,2022-03-21 15:58:57.794320+00:00
2022-03-21T15:51:27.598491Z,5737062,0.07159000,0.00013940,sell,2022-03-21 15:51:27.598491+00:00
2022-03-21T15:46:57.410173Z,5737061,0.07165000,0.00013928,sell,2022-03-21 15:46:57.410173+00:00
2022-03-21T15:45:57.592441Z,5737060,0.07166000,0.00013926,sell,2022-03-21 15:45:57.592441+00:00
2022-03-21T15:44:58.006275Z,5737059,0.07169000,0.00013921,sell,2022-03-21 15:44:58.006275+00:00
2022-03-21T15:33:57.807304Z,5737058,0.07174000,0.00013911,sell,2022-03-21 15:33:57.807304+00:00
2022-03-21T15:30:57.998043Z,5737057,0.07163000,0.00013932,sell,2022-03-21 15:30:57.998043+00:00
2022-03-21T15:29:27.803726Z,5737056,0.08000000,0.00012475,sell,2022-03-21 15:29:27.803726+00:00
2022-03-21T15:27:57.804422Z,5737055,0.07163000,0.00013932,sell,2022-03-21 15:27:57.804422+00:00
2022-03-21T15:25:27.804015Z,5737054,0.07164000,0.00013930,sell,2022-03-21 15:25:27.804015+00:00
2022-03-21T15:19:27.601884Z,5737053,0.07155000,0.00013948,sell,2022-03-21 15:19:27.601884+00:00
2022-03-21T15:17:57.80336Z,5737052,0.07157000,0.00013944,sell,2022-03-21 15:17:57.803360+00:00
2022-03-21T15:08:27.005297Z,5737051,0.07139000,0.00013979,sell,2022-03-21 15:08:27.005297+00:00
2022-03-21T15:05:27.403898Z,5737050,0.07128000,0.00014001,sell,2022-03-21 15:05:27.403898+00:00
2022-03-21T15:04:58.023534Z,5737049,0.07126000,0.00014005,sell,2022-03-21 15:04:58.023534+00:00
2022-03-21T15:02:28.501929Z,5737048,0.07134000,0.00013989,sell,2022-03-21 15:02:28.501929+00:00
2022-03-21T14:58:27.810074Z,5737047,0.07112000,0.00014032,sell,2022-03-21 14:58:27.810074+00:00
2022-03-21T14:56:57.597558Z,5737046,0.07110000,0.00014036,sell,2022-03-21 14:56:57.597558+00:00
2022-03-21T14:55:02.998499Z,5737045,0.06821000,0.00014660,buy,2022-03-21 14:55:02.998499+00:00
2022-03-21T14:54:02.056295Z,5737044,0.06754000,0.00014806,buy,2022-03-21 14:54:02.056295+00:00
2022-03-21T14:53:57.989995Z,5737043,0.07105000,0.00014046,sell,2022-03-21 14:53:57.989995+00:00
2022-03-21T14:52:57.207079Z,5737042,0.07343000,0.00013591,sell,2022-03-21 14:52:57.207079+00:00
2022-03-21T14:52:32.197338Z,5737041,0.06864000,0.00014568,buy,2022-03-21 14:52:32.197338+00:00
2022-03-21T14:51:53.010574Z,5737040,0.06400000,0.00015625,buy,2022-03-21 14:51:53.010574+00:00
2022-03-21T14:51:37.993383Z,5737039,0.07244000,0.00013776,sell,2022-03-21 14:51:37.993383+00:00
2022-03-21T14:51:33.007702Z,5737038,0.06817000,0.00014669,buy,2022-03-21 14:51:33.007702+00:00
2022-03-21T14:51:01.995683Z,5737037,0.06770000,0.00014771,buy,2022-03-21 14:51:01.995683+00:00
2022-03-21T14:49:31.817345Z,5737036,0.06819000,0.00014664,buy,2022-03-21 14:49:31.817345+00:00
2022-03-21T14:49:02.218066Z,5737035,0.06787000,0.00014734,buy,2022-03-21 14:49:02.218066+00:00
2022-03-21T14:48:07.996089Z,5737034,0.07638000,0.00013066,sell,2022-03-21 14:48:07.996089+00:00
2022-03-21T14:48:03.010577Z,5737033,0.06793000,0.00014721,buy,2022-03-21 14:48:03.010577+00:00
2022-03-21T14:47:33.006224Z,5737032,0.06400000,0.00015625,buy,2022-03-21 14:47:33.006224+00:00
2022-03-21T14:47:07.007797Z,5737031,0.07435000,0.00013422,sell,2022-03-21 14:47:07.007797+00:00
2022-03-21T14:46:37.796034Z,5737030,0.07331000,0.00013613,sell,2022-03-21 14:46:37.796034+00:00
2022-03-21T14:46:32.824994Z,5737029,0.06808000,0.00014688,buy,2022-03-21 14:46:32.824994+00:00
2022-03-21T14:45:03.023634Z,5737028,0.06782000,0.00014744,buy,2022-03-21 14:45:03.023634+00:00
2022-03-21T14:44:32.011497Z,5737027,0.06745000,0.00014825,buy,2022-03-21 14:44:32.011497+00:00
2022-03-21T14:44:02.605624Z,5737026,0.06817000,0.00014669,buy,2022-03-21 14:44:02.605624+00:00
2022-03-21T14:42:32.197356Z,5737025,0.06723000,0.00014874,buy,2022-03-21 14:42:32.197356+00:00
2022-03-21T14:41:02.599946Z,5737024,0.06828000,0.00014645,buy,2022-03-21 14:41:02.599946+00:00
2022-03-21T14:40:31.999373Z,5737023,0.06926000,0.00014438,buy,2022-03-21 14:40:31.999373+00:00
2022-03-21T14:40:02.415754Z,5737022,0.06889000,0.00014515,buy,2022-03-21 14:40:02.415754+00:00
2022-03-21T14:37:01.998953Z,5737021,0.06891000,0.00014511,buy,2022-03-21 14:37:01.998953+00:00
2022-03-21T14:36:07.002532Z,5737020,0.07158000,0.00013942,sell,2022-03-21 14:36:07.002532+00:00
2022-03-21T14:36:02.021812Z,5737019,0.06812000,0.00014679,buy,2022-03-21 14:36:02.021812+00:00
