time,trade_id,price,size,side,date
2021-01-19T18:04:29.522Z,26169230,0.30230000,23.14194100,sell,2021-01-19 18:04:29.522000+00:00
2021-01-19T18:04:28.606Z,26169229,0.30230000,10.00000000,sell,2021-01-19 18:04:28.606000+00:00
2021-01-19T18:04:28.315Z,26169228,0.30230000,1.00000000,sell,2021-01-19 18:04:28.315000+00:00
2021-01-19T18:04:27.818Z,26169227,0.30230000,157.19363100,sell,2021-01-19 18:04:27.818000+00:00
2021-01-19T18:04:27.204Z,26169226,0.30230000,319.09872100,sell,2021-01-19 18:04:27.204000+00:00
2021-01-19T18:04:26.013Z,26169225,0.30260000,811.06710000,sell,2021-01-19 18:04:26.013000+00:00
2021-01-19T18:04:25.9Z,26169224,0.30260000,22.53182700,sell,2021-01-19 18:04:25.900000+00:00
2021-01-19T18:04:25.45Z,26169223,0.30230000,1363.13277000,buy,2021-01-19 18:04:25.450000+00:00
2021-01-19T18:04:25.144Z,26169222,0.30220000,2647.20128500,buy,2021-01-19 18:04:25.144000+00:00
2021-01-19T18:04:25.059Z,26169221,0.30220000,1000.00000000,buy,2021-01-19 18:04:25.059000+00:00
2021-01-19T18:04:24.954Z,26169220,0.30220000,2100.00000000,sell,2021-01-19 18:04:24.954000+00:00
2021-01-19T18:04:22.91Z,26169219,0.30240000,5000.00000000,buy,2021-01-19 18:04:22.910000+00:00
2021-01-19T18:04:21.19Z,26169218,0.30240000,26.00000000,sell,2021-01-19 18:04:21.190000+00:00
2021-01-19T18:04:20.538Z,26169217,0.30240000,60.93284800,sell,2021-01-19 18:04:20.538000+00:00
2021-01-19T18:04:20.509Z,26169216,0.30240000,649.10546600,sell,2021-01-19 18:04:20.509000+00:00
2021-01-19T18:04:19.198Z,26169215,0.30240000,17.46245100,sell,2021-01-19 18:04:19.198000+00:00
2021-01-19T18:04:19.146Z,26169214,0.30240000,51.05139200,sell,2021-01-19 18:04:19.146000+00:00
2021-01-19T18:04:18.821Z,26169213,0.30240000,29.68600700,sell,2021-01-19 18:04:18.821000+00:00
2021-01-19T18:04:18.407Z,26169212,0.30230000,319.62703100,sell,2021-01-19 18:04:18.407000+00:00
2021-01-19T18:04:16.287Z,26169211,0.30230000,32.17766900,sell,2021-01-19 18:04:16.287000+00:00
2021-01-19T18:04:15.068Z,26169210,0.30250000,429.65567900,sell,2021-01-19 18:04:15.068000+00:00
2021-01-19T18:04:15.054Z,26169209,0.30250000,31.74864000,sell,2021-01-19 18:04:15.054000+00:00
2021-01-19T18:04:14.387Z,26169208,0.30250000,5171.99692200,sell,2021-01-19 18:04:14.387000+00:00
2021-01-19T18:04:14.372Z,26169207,0.30250000,170.62724600,sell,2021-01-19 18:04:14.372000+00:00
2021-01-19T18:04:12.559Z,26169206,0.30230000,29.58803400,sell,2021-01-19 18:04:12.559000+00:00
2021-01-19T18:04:12.319Z,26169205,0.30220000,2238.57368900,buy,2021-01-19 18:04:12.319000+00:00
2021-01-19T18:04:11.793Z,26169204,0.30230000,157.45268400,sell,2021-01-19 18:04:11.793000+00:00
2021-01-19T18:04:11.351Z,26169203,0.30230000,16.24875100,sell,2021-01-19 18:04:11.351000+00:00
2021-01-19T18:04:10.433Z,26169202,0.30240000,1778.97113200,buy,2021-01-19 18:04:10.433000+00:00
2021-01-19T18:04:08.696Z,26169201,0.30260000,162.48751300,sell,2021-01-19 18:04:08.696000+00:00
2021-01-19T18:04:08.604Z,26169200,0.30200000,2612.27682200,sell,2021-01-19 18:04:08.604000+00:00
2021-01-19T18:04:07.717Z,26169199,0.30190000,10.03533800,sell,2021-01-19 18:04:07.717000+00:00
2021-01-19T18:04:06.64Z,26169198,0.30170000,568.36829200,buy,2021-01-19 18:04:06.640000+00:00
2021-01-19T18:04:06.547Z,26169197,0.30190000,29.54902500,sell,2021-01-19 18:04:06.547000+00:00
2021-01-19T18:04:06.503Z,26169196,0.30190000,1274.09024800,sell,2021-01-19 18:04:06.503000+00:00
2021-01-19T18:04:06.503Z,26169195,0.30190000,2725.90975200,sell,2021-01-19 18:04:06.503000+00:00
2021-01-19T18:04:06.121Z,26169194,0.30180000,300.00000000,buy,2021-01-19 18:04:06.121000+00:00
2021-01-19T18:04:06.069Z,26169193,0.30190000,157.09024800,sell,2021-01-19 18:04:06.069000+00:00
2021-01-19T18:04:05.301Z,26169192,0.30230000,379.76672700,sell,2021-01-19 18:04:05.301000+00:00
2021-01-19T18:04:05.219Z,26169191,0.30200000,3007.00000000,buy,2021-01-19 18:04:05.219000+00:00
2021-01-19T18:04:05.219Z,26169190,0.30200000,100.00000000,buy,2021-01-19 18:04:05.219000+00:00
2021-01-19T18:04:05.219Z,26169189,0.30200000,331.00000000,buy,2021-01-19 18:04:05.219000+00:00
2021-01-19T18:04:05.2Z,26169188,0.30210000,300.00000000,buy,2021-01-19 18:04:05.200000+00:00
2021-01-19T18:04:05.2Z,26169187,0.30220000,3042.00000000,buy,2021-01-19 18:04:05.200000+00:00
2021-01-19T18:04:05.2Z,26169186,0.30220000,2929.18457100,buy,2021-01-19 18:04:05.200000+00:00
2021-01-19T18:04:05.168Z,26169185,0.30220000,2070.81542900,buy,2021-01-19 18:04:05.168000+00:00
2021-01-19T18:04:04.948Z,26169184,0.30250000,643.30652500,sell,2021-01-19 18:04:04.948000+00:00
2021-01-19T18:04:04.905Z,26169183,0.30240000,1500.00000000,buy,2021-01-19 18:04:04.905000+00:00
2021-01-19T18:04:04.408Z,26169182,0.30250000,9315.00000000,buy,2021-01-19 18:04:04.408000+00:00
2021-01-19T18:04:04.239Z,26169181,0.30250000,16.73964500,buy,2021-01-19 18:04:04.239000+00:00
2021-01-19T18:04:04.239Z,26169180,0.30250000,285.00000000,buy,2021-01-19 18:04:04.239000+00:00
2021-01-19T18:04:04.213Z,26169179,0.30290000,60.70504500,sell,2021-01-19 18:04:04.213000+00:00
2021-01-19T18:04:04.04Z,26169178,0.30290000,328.06623000,sell,2021-01-19 18:04:04.040000+00:00
2021-01-19T18:04:03.427Z,26169177,0.30270000,15477.04871500,buy,2021-01-19 18:04:03.427000+00:00
2021-01-19T18:04:03.427Z,26169176,0.30270000,21093.75000000,buy,2021-01-19 18:04:03.427000+00:00
2021-01-19T18:04:03.427Z,26169175,0.30270000,3042.00000000,buy,2021-01-19 18:04:03.427000+00:00
2021-01-19T18:04:03.427Z,26169174,0.30270000,7395.00000000,buy,2021-01-19 18:04:03.427000+00:00
2021-01-19T18:04:03.427Z,26169173,0.30280000,70000.00000000,buy,2021-01-19 18:04:03.427000+00:00
2021-01-19T18:04:03.427Z,26169172,0.30280000,7710.00000000,buy,2021-01-19 18:04:03.427000+00:00
2021-01-19T18:04:03.427Z,26169171,0.30280000,8555.00000000,buy,2021-01-19 18:04:03.427000+00:00
2021-01-19T18:04:03.427Z,26169170,0.30280000,1700.00000000,buy,2021-01-19 18:04:03.427000+00:00
2021-01-19T18:04:03.427Z,26169169,0.30280000,1000.00000000,buy,2021-01-19 18:04:03.427000+00:00
2021-01-19T18:04:03.032Z,26169168,0.30290000,909.81024800,buy,2021-01-19 18:04:03.032000+00:00
2021-01-19T18:04:02.812Z,26169167,0.30300000,235.61901100,sell,2021-01-19 18:04:02.812000+00:00
2021-01-19T18:04:02.361Z,26169166,0.30300000,139.65146300,sell,2021-01-19 18:04:02.361000+00:00
2021-01-19T18:04:01.686Z,26169165,0.30290000,3.29932700,buy,2021-01-19 18:04:01.686000+00:00
2021-01-19T18:04:01.475Z,26169164,0.30300000,1700.00000000,buy,2021-01-19 18:04:01.475000+00:00
2021-01-19T18:04:01.475Z,26169163,0.30300000,3000.00000000,buy,2021-01-19 18:04:01.475000+00:00
2021-01-19T18:04:01.475Z,26169162,0.30300000,2000.00000000,buy,2021-01-19 18:04:01.475000+00:00
2021-01-19T18:04:01.475Z,26169161,0.30300000,108858.28507800,buy,2021-01-19 18:04:01.475000+00:00
2021-01-19T18:04:01.475Z,26169160,0.30320000,1969.04658700,buy,2021-01-19 18:04:01.475000+00:00
2021-01-19T18:04:01.467Z,26169159,0.30300000,772.87926500,buy,2021-01-19 18:04:01.467000+00:00
2021-01-19T18:04:01.444Z,26169158,0.30330000,406.00000000,sell,2021-01-19 18:04:01.444000+00:00
2021-01-19T18:04:01.029Z,26169157,0.30300000,3864.39632400,buy,2021-01-19 18:04:01.029000+00:00
2021-01-19T18:04:00.996Z,26169156,0.30330000,13.12084800,sell,2021-01-19 18:04:00.996000+00:00
2021-01-19T18:04:00.829Z,26169155,0.30300000,19321.98162000,buy,2021-01-19 18:04:00.829000+00:00
2021-01-19T18:04:00.629Z,26169154,0.30300000,96609.90810000,buy,2021-01-19 18:04:00.629000+00:00
2021-01-19T18:04:00.403Z,26169153,0.30310000,990.11653400,buy,2021-01-19 18:04:00.403000+00:00
2021-01-19T18:04:00.062Z,26169152,0.30310000,9.65533900,buy,2021-01-19 18:04:00.062000+00:00
2021-01-19T18:03:59.98Z,26169151,0.30310000,5000.00000000,buy,2021-01-19 18:03:59.980000+00:00
2021-01-19T18:03:59.091Z,26169150,0.30310000,32.09872500,buy,2021-01-19 18:03:59.091000+00:00
2021-01-19T18:03:58.609Z,26169149,0.30340000,157.09024800,sell,2021-01-19 18:03:58.609000+00:00
2021-01-19T18:03:58.325Z,26169148,0.30340000,124.77730100,sell,2021-01-19 18:03:58.325000+00:00
2021-01-19T18:03:58.226Z,26169147,0.30340000,153.81821600,sell,2021-01-19 18:03:58.226000+00:00
2021-01-19T18:03:57.899Z,26169146,0.30340000,29.50040800,sell,2021-01-19 18:03:57.899000+00:00
2021-01-19T18:03:56.296Z,26169145,0.30330000,3223.99839000,sell,2021-01-19 18:03:56.296000+00:00
2021-01-19T18:03:56.135Z,26169144,0.30330000,1331.06007000,sell,2021-01-19 18:03:56.135000+00:00
2021-01-19T18:03:56.135Z,26169143,0.30320000,282.00000000,sell,2021-01-19 18:03:56.135000+00:00
2021-01-19T18:03:54.963Z,26169142,0.30330000,1611.99919500,sell,2021-01-19 18:03:54.963000+00:00
2021-01-19T18:03:53.975Z,26169141,0.30330000,79.32864800,sell,2021-01-19 18:03:53.975000+00:00
2021-01-19T18:03:53.45Z,26169140,0.30310000,29.26551900,sell,2021-01-19 18:03:53.450000+00:00
2021-01-19T18:03:52.88Z,26169139,0.30310000,314.63857900,sell,2021-01-19 18:03:52.880000+00:00
2021-01-19T18:03:52.569Z,26169138,0.30300000,500.00000000,buy,2021-01-19 18:03:52.569000+00:00
2021-01-19T18:03:51.296Z,26169137,0.30300000,3137.20552500,buy,2021-01-19 18:03:51.296000+00:00
2021-01-19T18:03:51.222Z,26169136,0.30320000,6.47845100,sell,2021-01-19 18:03:51.222000+00:00
2021-01-19T18:03:51.139Z,26169135,0.30300000,5000.00000000,buy,2021-01-19 18:03:51.139000+00:00
2021-01-19T18:03:50.884Z,26169134,0.30300000,79.34408800,buy,2021-01-19 18:03:50.884000+00:00
2021-01-19T18:03:49.748Z,26169133,0.30320000,1651.81658200,buy,2021-01-19 18:03:49.748000+00:00
2021-01-19T18:03:49.748Z,26169132,0.30320000,2000.00000000,buy,2021-01-19 18:03:49.748000+00:00
2021-01-19T18:03:49.748Z,26169131,0.30330000,149.18341800,buy,2021-01-19 18:03:49.748000+00:00
2021-01-19T18:03:49.748Z,26169130,0.30330000,326.00000000,buy,2021-01-19 18:03:49.748000+00:00
2021-01-19T18:03:49.748Z,26169129,0.30350000,4232.84910600,buy,2021-01-19 18:03:49.748000+00:00
2021-01-19T18:03:49.634Z,26169128,0.30350000,4127.00000000,buy,2021-01-19 18:03:49.634000+00:00
2021-01-19T18:03:49.097Z,26169127,0.30370000,9.83910900,sell,2021-01-19 18:03:49.097000+00:00
2021-01-19T18:03:48.88Z,26169126,0.30370000,307.58697800,sell,2021-01-19 18:03:48.880000+00:00
2021-01-19T18:03:48.273Z,26169125,0.30350000,5000.00000000,buy,2021-01-19 18:03:48.273000+00:00
2021-01-19T18:03:48.12Z,26169124,0.30370000,29.45195200,sell,2021-01-19 18:03:48.120000+00:00
2021-01-19T18:03:47.989Z,26169123,0.30360000,317.42847700,sell,2021-01-19 18:03:47.989000+00:00
2021-01-19T18:03:47.927Z,26169122,0.30350000,1640.15089400,buy,2021-01-19 18:03:47.927000+00:00
2021-01-19T18:03:46.895Z,26169121,0.30370000,13.86015100,sell,2021-01-19 18:03:46.895000+00:00
2021-01-19T18:03:46.066Z,26169120,0.30370000,2006.00000000,buy,2021-01-19 18:03:46.066000+00:00
2021-01-19T18:03:45.961Z,26169119,0.30400000,29.45195200,sell,2021-01-19 18:03:45.961000+00:00
2021-01-19T18:03:45.851Z,26169118,0.30400000,112.18766700,sell,2021-01-19 18:03:45.851000+00:00
2021-01-19T18:03:45.542Z,26169117,0.30390000,9.64677400,sell,2021-01-19 18:03:45.542000+00:00
2021-01-19T18:03:45.283Z,26169116,0.30390000,5000.00000000,buy,2021-01-19 18:03:45.283000+00:00
2021-01-19T18:03:45.283Z,26169115,0.30390000,2624.61200700,buy,2021-01-19 18:03:45.283000+00:00
2021-01-19T18:03:45.283Z,26169114,0.30390000,1493.38799300,buy,2021-01-19 18:03:45.283000+00:00
2021-01-19T18:03:45.164Z,26169113,0.30410000,1445.45805100,sell,2021-01-19 18:03:45.164000+00:00
2021-01-19T18:03:45.164Z,26169112,0.30400000,5000.00000000,sell,2021-01-19 18:03:45.164000+00:00
2021-01-19T18:03:44.771Z,26169111,0.30390000,6.61200700,buy,2021-01-19 18:03:44.771000+00:00
2021-01-19T18:03:44.256Z,26169110,0.30400000,361.02936400,buy,2021-01-19 18:03:44.256000+00:00
2021-01-19T18:03:44.122Z,26169109,0.30410000,1610.41049700,sell,2021-01-19 18:03:44.122000+00:00
2021-01-19T18:03:43.63Z,26169108,0.30400000,2680.97063600,buy,2021-01-19 18:03:43.630000+00:00
2021-01-19T18:03:43.63Z,26169107,0.30400000,50.00000000,buy,2021-01-19 18:03:43.630000+00:00
2021-01-19T18:03:43.63Z,26169106,0.30400000,1165.00000000,buy,2021-01-19 18:03:43.630000+00:00
2021-01-19T18:03:43.63Z,26169105,0.30400000,399.00853400,buy,2021-01-19 18:03:43.630000+00:00
2021-01-19T18:03:42.956Z,26169104,0.30410000,91.55928700,sell,2021-01-19 18:03:42.956000+00:00
2021-01-19T18:03:42.935Z,26169103,0.30410000,1.00000000,sell,2021-01-19 18:03:42.935000+00:00
2021-01-19T18:03:42.52Z,26169102,0.30410000,29.45195200,sell,2021-01-19 18:03:42.520000+00:00
2021-01-19T18:03:42.167Z,26169101,0.30410000,13.11653400,sell,2021-01-19 18:03:42.167000+00:00
2021-01-19T18:03:41.423Z,26169100,0.30410000,29.45195200,sell,2021-01-19 18:03:41.423000+00:00
2021-01-19T18:03:40.983Z,26169099,0.30410000,316.89876300,sell,2021-01-19 18:03:40.983000+00:00
2021-01-19T18:03:39.793Z,26169098,0.30410000,998.90674200,sell,2021-01-19 18:03:39.793000+00:00
2021-01-19T18:03:39.793Z,26169097,0.30410000,4782.55895300,sell,2021-01-19 18:03:39.793000+00:00
2021-01-19T18:03:38.248Z,26169096,0.30410000,156.93542800,sell,2021-01-19 18:03:38.248000+00:00
2021-01-19T18:03:37.926Z,26169095,0.30410000,60.50561900,sell,2021-01-19 18:03:37.926000+00:00
2021-01-19T18:03:37.819Z,26169094,0.30400000,15.73224100,buy,2021-01-19 18:03:37.819000+00:00
2021-01-19T18:03:36.092Z,26169093,0.30420000,506.36508900,sell,2021-01-19 18:03:36.092000+00:00
2021-01-19T18:03:36.063Z,26169092,0.30420000,480.23180200,sell,2021-01-19 18:03:36.063000+00:00
2021-01-19T18:03:35.967Z,26169091,0.30420000,2037.20645400,sell,2021-01-19 18:03:35.967000+00:00
2021-01-19T18:03:34.411Z,26169090,0.30420000,317.10697500,sell,2021-01-19 18:03:34.411000+00:00
2021-01-19T18:03:34.359Z,26169089,0.30420000,31.00000000,sell,2021-01-19 18:03:34.359000+00:00
2021-01-19T18:03:33.947Z,26169088,0.30420000,40.00000000,sell,2021-01-19 18:03:33.947000+00:00
2021-01-19T18:03:31.759Z,26169087,0.30430000,3.29932700,sell,2021-01-19 18:03:31.759000+00:00
2021-01-19T18:03:31.466Z,26169086,0.30430000,1571.70782100,sell,2021-01-19 18:03:31.466000+00:00
2021-01-19T18:03:31.287Z,26169085,0.30440000,29.45195200,sell,2021-01-19 18:03:31.287000+00:00
2021-01-19T18:03:30.935Z,26169084,0.30440000,956.25937300,sell,2021-01-19 18:03:30.935000+00:00
2021-01-19T18:03:30.935Z,26169083,0.30440000,10.00000000,sell,2021-01-19 18:03:30.935000+00:00
2021-01-19T18:03:30.725Z,26169082,0.30430000,3.26666100,sell,2021-01-19 18:03:30.725000+00:00
2021-01-19T18:03:30.63Z,26169081,0.30430000,60.50561900,sell,2021-01-19 18:03:30.630000+00:00
2021-01-19T18:03:29.746Z,26169080,0.30440000,3.30149600,sell,2021-01-19 18:03:29.746000+00:00
2021-01-19T18:03:29.52Z,26169079,0.30440000,3.19433700,sell,2021-01-19 18:03:29.520000+00:00
2021-01-19T18:03:28.918Z,26169078,0.30440000,33.84587300,sell,2021-01-19 18:03:28.918000+00:00
2021-01-19T18:03:28.835Z,26169077,0.30440000,16.55098200,sell,2021-01-19 18:03:28.835000+00:00
2021-01-19T18:03:28.705Z,26169076,0.30440000,3219.43548900,sell,2021-01-19 18:03:28.705000+00:00
2021-01-19T18:03:27.452Z,26169075,0.30420000,13.12120700,buy,2021-01-19 18:03:27.452000+00:00
2021-01-19T18:03:26.893Z,26169074,0.30440000,91.52921800,sell,2021-01-19 18:03:26.893000+00:00
2021-01-19T18:03:26.55Z,26169073,0.30440000,326.66607900,sell,2021-01-19 18:03:26.550000+00:00
2021-01-19T18:03:25.846Z,26169072,0.30420000,13.21097800,buy,2021-01-19 18:03:25.846000+00:00
2021-01-19T18:03:25.16Z,26169071,0.30440000,642.79577200,sell,2021-01-19 18:03:25.160000+00:00
2021-01-19T18:03:24.152Z,26169070,0.30440000,13.09930900,sell,2021-01-19 18:03:24.152000+00:00
2021-01-19T18:03:23.355Z,26169069,0.30440000,316.89876300,sell,2021-01-19 18:03:23.355000+00:00
2021-01-19T18:03:22.636Z,26169068,0.30440000,13.10791600,sell,2021-01-19 18:03:22.636000+00:00
2021-01-19T18:03:21.94Z,26169067,0.30440000,317.10697500,sell,2021-01-19 18:03:21.940000+00:00
2021-01-19T18:03:21.192Z,26169066,0.30440000,14.99430600,sell,2021-01-19 18:03:21.192000+00:00
2021-01-19T18:03:20.952Z,26169065,0.30440000,160.15162300,sell,2021-01-19 18:03:20.952000+00:00
2021-01-19T18:03:20.54Z,26169064,0.30440000,317.10697500,sell,2021-01-19 18:03:20.540000+00:00
2021-01-19T18:03:19.707Z,26169063,0.30440000,5.00000000,sell,2021-01-19 18:03:19.707000+00:00
2021-01-19T18:03:18.425Z,26169062,0.30430000,7215.68839800,buy,2021-01-19 18:03:18.425000+00:00
2021-01-19T18:03:18.125Z,26169061,0.30460000,156.93542800,sell,2021-01-19 18:03:18.125000+00:00
2021-01-19T18:03:17.853Z,26169060,0.30460000,156.93542800,sell,2021-01-19 18:03:17.853000+00:00
2021-01-19T18:03:17.355Z,26169059,0.30460000,81.72017700,sell,2021-01-19 18:03:17.355000+00:00
2021-01-19T18:03:16.376Z,26169058,0.30460000,81.64240200,sell,2021-01-19 18:03:16.376000+00:00
2021-01-19T18:03:15.514Z,26169057,0.30460000,9.62344400,sell,2021-01-19 18:03:15.514000+00:00
2021-01-19T18:03:15.487Z,26169056,0.30460000,29.43261400,sell,2021-01-19 18:03:15.487000+00:00
2021-01-19T18:03:15.4Z,26169055,0.30460000,124.24735700,sell,2021-01-19 18:03:15.400000+00:00
2021-01-19T18:03:15.301Z,26169054,0.30460000,643.77619300,sell,2021-01-19 18:03:15.301000+00:00
2021-01-19T18:03:14.547Z,26169053,0.30450000,29.44228000,sell,2021-01-19 18:03:14.547000+00:00
2021-01-19T18:03:13.847Z,26169052,0.30430000,504.31160200,buy,2021-01-19 18:03:13.847000+00:00
2021-01-19T18:03:13.847Z,26169051,0.30430000,468.59827300,buy,2021-01-19 18:03:13.847000+00:00
2021-01-19T18:03:13.723Z,26169050,0.30460000,21.82958100,sell,2021-01-19 18:03:13.723000+00:00
2021-01-19T18:03:12.601Z,26169049,0.30450000,9.83264900,sell,2021-01-19 18:03:12.601000+00:00
2021-01-19T18:03:12.281Z,26169048,0.30440000,60.46589200,sell,2021-01-19 18:03:12.281000+00:00
2021-01-19T18:03:12.191Z,26169047,0.30440000,29.43261400,sell,2021-01-19 18:03:12.191000+00:00
2021-01-19T18:03:12.103Z,26169046,0.30440000,3.29824500,sell,2021-01-19 18:03:12.103000+00:00
2021-01-19T18:03:11.394Z,26169045,0.30430000,29.43261400,buy,2021-01-19 18:03:11.394000+00:00
2021-01-19T18:03:09.985Z,26169044,0.30430000,1.00000000,buy,2021-01-19 18:03:09.985000+00:00
2021-01-19T18:03:09.762Z,26169043,0.30440000,1609.35310300,sell,2021-01-19 18:03:09.762000+00:00
2021-01-19T18:03:09.556Z,26169042,0.30440000,13.09930900,sell,2021-01-19 18:03:09.556000+00:00
2021-01-19T18:03:08.009Z,26169041,0.30440000,13.10361200,sell,2021-01-19 18:03:08.009000+00:00
2021-01-19T18:03:07.207Z,26169040,0.30440000,60.46589200,sell,2021-01-19 18:03:07.207000+00:00
2021-01-19T18:03:06.82Z,26169039,0.30440000,50.00000000,sell,2021-01-19 18:03:06.820000+00:00
2021-01-19T18:03:06.557Z,26169038,0.30440000,13.10791600,sell,2021-01-19 18:03:06.557000+00:00
2021-01-19T18:03:06.32Z,26169037,0.30440000,23.90410900,sell,2021-01-19 18:03:06.320000+00:00
2021-01-19T18:03:06.245Z,26169036,0.30440000,29.42295400,sell,2021-01-19 18:03:06.245000+00:00
2021-01-19T18:03:05.451Z,26169035,0.30460000,49.96350700,sell,2021-01-19 18:03:05.451000+00:00
2021-01-19T18:03:05.171Z,26169034,0.30460000,29.43261400,sell,2021-01-19 18:03:05.171000+00:00
2021-01-19T18:03:04.856Z,26169033,0.30460000,20.87848600,sell,2021-01-19 18:03:04.856000+00:00
2021-01-19T18:03:04.818Z,26169032,0.30460000,44.13258700,sell,2021-01-19 18:03:04.818000+00:00
2021-01-19T18:03:04.625Z,26169031,0.30460000,156.83238400,sell,2021-01-19 18:03:04.625000+00:00
2021-01-19T18:03:03.743Z,26169030,0.30450000,643.56484200,sell,2021-01-19 18:03:03.743000+00:00
2021-01-19T18:03:03.714Z,26169029,0.30450000,480.23180200,sell,2021-01-19 18:03:03.714000+00:00
2021-01-19T18:03:03.149Z,26169028,0.30470000,1174.69763200,sell,2021-01-19 18:03:03.149000+00:00
2021-01-19T18:03:02.889Z,26169027,0.30450000,645.68820700,buy,2021-01-19 18:03:02.889000+00:00
2021-01-19T18:03:02.889Z,26169026,0.30460000,354.31179300,buy,2021-01-19 18:03:02.889000+00:00
2021-01-19T18:03:02.828Z,26169025,0.30470000,24.07755500,sell,2021-01-19 18:03:02.828000+00:00
2021-01-19T18:03:01.252Z,26169024,0.30480000,1005.21685800,sell,2021-01-19 18:03:01.252000+00:00
2021-01-19T18:03:00.852Z,26169023,0.30480000,20.00000000,sell,2021-01-19 18:03:00.852000+00:00
2021-01-19T18:03:00.615Z,26169022,0.30470000,66.99921300,sell,2021-01-19 18:03:00.615000+00:00
2021-01-19T18:03:00.344Z,26169021,0.30460000,13.12120700,buy,2021-01-19 18:03:00.344000+00:00
2021-01-19T18:02:59.699Z,26169020,0.30460000,182.56700000,buy,2021-01-19 18:02:59.699000+00:00
2021-01-19T18:02:59.206Z,26169019,0.30460000,300.56545900,sell,2021-01-19 18:02:59.206000+00:00
2021-01-19T18:02:58.777Z,26169018,0.30430000,6.56060400,buy,2021-01-19 18:02:58.777000+00:00
2021-01-19T18:02:58.284Z,26169017,0.30440000,163.41935600,sell,2021-01-19 18:02:58.284000+00:00
2021-01-19T18:02:58.19Z,26169016,0.30430000,1756.47702600,buy,2021-01-19 18:02:58.190000+00:00
2021-01-19T18:02:58.027Z,26169015,0.30440000,76.82441700,sell,2021-01-19 18:02:58.027000+00:00
2021-01-19T18:02:57.813Z,26169014,0.30440000,1570.67584000,sell,2021-01-19 18:02:57.813000+00:00
2021-01-19T18:02:57.801Z,26169013,0.30430000,492.04526800,buy,2021-01-19 18:02:57.801000+00:00
2021-01-19T18:02:57.521Z,26169012,0.30440000,965.94204700,sell,2021-01-19 18:02:57.521000+00:00
2021-01-19T18:02:57.513Z,26169011,0.30440000,29.44228000,sell,2021-01-19 18:02:57.513000+00:00
2021-01-19T18:02:57.188Z,26169010,0.30440000,76.79919500,sell,2021-01-19 18:02:57.188000+00:00
2021-01-19T18:02:57.121Z,26169009,0.30440000,10.28703900,sell,2021-01-19 18:02:57.121000+00:00
2021-01-19T18:02:56.608Z,26169008,0.30440000,659.66948000,sell,2021-01-19 18:02:56.608000+00:00
2021-01-19T18:02:55.953Z,26169007,0.30460000,1987.50175600,sell,2021-01-19 18:02:55.953000+00:00
2021-01-19T18:02:55.737Z,26169006,0.30460000,316.89876300,sell,2021-01-19 18:02:55.737000+00:00
2021-01-19T18:02:55.527Z,26169005,0.30460000,321.03233900,sell,2021-01-19 18:02:55.527000+00:00
2021-01-19T18:02:55.489Z,26169004,0.30460000,107.83247300,sell,2021-01-19 18:02:55.489000+00:00
2021-01-19T18:02:55.055Z,26169003,0.30460000,251.56554700,sell,2021-01-19 18:02:55.055000+00:00
2021-01-19T18:02:55.039Z,26169002,0.30460000,633.93051200,sell,2021-01-19 18:02:55.039000+00:00
2021-01-19T18:02:53.637Z,26169001,0.30460000,156.83238400,sell,2021-01-19 18:02:53.637000+00:00
2021-01-19T18:02:53.242Z,26169000,0.30460000,643.56484200,sell,2021-01-19 18:02:53.242000+00:00
2021-01-19T18:02:52.666Z,26168999,0.30430000,1.43860100,buy,2021-01-19 18:02:52.666000+00:00
2021-01-19T18:02:52.552Z,26168998,0.30460000,23.11736800,sell,2021-01-19 18:02:52.552000+00:00
2021-01-19T18:02:51.992Z,26168997,0.30460000,2.50281600,sell,2021-01-19 18:02:51.992000+00:00
2021-01-19T18:02:51.86Z,26168996,0.30450000,1.66594100,sell,2021-01-19 18:02:51.860000+00:00
2021-01-19T18:02:51.711Z,26168995,0.30450000,500.00000000,sell,2021-01-19 18:02:51.711000+00:00
2021-01-19T18:02:50.397Z,26168994,0.30460000,22.89929300,sell,2021-01-19 18:02:50.397000+00:00
2021-01-19T18:02:49.521Z,26168993,0.30460000,1609.35310300,sell,2021-01-19 18:02:49.521000+00:00
2021-01-19T18:02:48.822Z,26168992,0.30450000,156.83238400,sell,2021-01-19 18:02:48.822000+00:00
2021-01-19T18:02:48.097Z,26168991,0.30450000,1.00000000,sell,2021-01-19 18:02:48.097000+00:00
2021-01-19T18:02:47.052Z,26168990,0.30450000,60.46589200,sell,2021-01-19 18:02:47.052000+00:00
2021-01-19T18:02:46.522Z,26168989,0.30450000,76.79919500,sell,2021-01-19 18:02:46.522000+00:00
2021-01-19T18:02:46.353Z,26168988,0.30450000,156.83238400,sell,2021-01-19 18:02:46.353000+00:00
2021-01-19T18:02:45.587Z,26168987,0.30450000,32.12693200,sell,2021-01-19 18:02:45.587000+00:00
2021-01-19T18:02:45.367Z,26168986,0.30450000,65.35806700,sell,2021-01-19 18:02:45.367000+00:00
2021-01-19T18:02:45.291Z,26168985,0.30450000,65.52882400,sell,2021-01-19 18:02:45.291000+00:00
2021-01-19T18:02:45.277Z,26168984,0.30430000,902.00000000,buy,2021-01-19 18:02:45.277000+00:00
2021-01-19T18:02:45.265Z,26168983,0.30450000,29.43261400,sell,2021-01-19 18:02:45.265000+00:00
2021-01-19T18:02:44.549Z,26168982,0.30430000,314.46831200,buy,2021-01-19 18:02:44.549000+00:00
2021-01-19T18:02:44.361Z,26168981,0.30460000,76.79919500,sell,2021-01-19 18:02:44.361000+00:00
2021-01-19T18:02:44.341Z,26168980,0.30460000,29.43261400,sell,2021-01-19 18:02:44.341000+00:00
2021-01-19T18:02:44.18Z,26168979,0.30460000,29.43261400,sell,2021-01-19 18:02:44.180000+00:00
2021-01-19T18:02:43.601Z,26168978,0.30460000,60.48574800,sell,2021-01-19 18:02:43.601000+00:00
2021-01-19T18:02:43.516Z,26168977,0.30460000,136.80734000,sell,2021-01-19 18:02:43.516000+00:00
2021-01-19T18:02:43.516Z,26168976,0.30460000,180.09142300,sell,2021-01-19 18:02:43.516000+00:00
2021-01-19T18:02:42.988Z,26168975,0.30460000,29.43261400,sell,2021-01-19 18:02:42.988000+00:00
2021-01-19T18:02:42.079Z,26168974,0.30460000,29.43261400,sell,2021-01-19 18:02:42.079000+00:00
2021-01-19T18:02:41.689Z,26168973,0.30460000,316.89876300,sell,2021-01-19 18:02:41.689000+00:00
2021-01-19T18:02:41.637Z,26168972,0.30460000,29.43261400,sell,2021-01-19 18:02:41.637000+00:00
2021-01-19T18:02:41.139Z,26168971,0.30430000,3.28030200,buy,2021-01-19 18:02:41.139000+00:00
2021-01-19T18:02:41.126Z,26168970,0.30460000,76.79919500,sell,2021-01-19 18:02:41.126000+00:00
2021-01-19T18:02:40.843Z,26168969,0.30460000,3234.32084500,sell,2021-01-19 18:02:40.843000+00:00
2021-01-19T18:02:40.814Z,26168968,0.30460000,1.16296000,sell,2021-01-19 18:02:40.814000+00:00
2021-01-19T18:02:40.633Z,26168967,0.30460000,13.09930900,sell,2021-01-19 18:02:40.633000+00:00
2021-01-19T18:02:40.617Z,26168966,0.30460000,91.49916800,sell,2021-01-19 18:02:40.617000+00:00
2021-01-19T18:02:40.387Z,26168965,0.30460000,1.00000000,sell,2021-01-19 18:02:40.387000+00:00
2021-01-19T18:02:39.479Z,26168964,0.30460000,2479.03620400,sell,2021-01-19 18:02:39.479000+00:00
2021-01-19T18:02:39.433Z,26168963,0.30460000,29.44228000,sell,2021-01-19 18:02:39.433000+00:00
2021-01-19T18:02:38.92Z,26168962,0.30460000,345.54737800,sell,2021-01-19 18:02:38.920000+00:00
2021-01-19T18:02:38.872Z,26168961,0.30460000,23.11254800,sell,2021-01-19 18:02:38.872000+00:00
2021-01-19T18:02:38.813Z,26168960,0.30430000,3.28030200,buy,2021-01-19 18:02:38.813000+00:00
2021-01-19T18:02:37.52Z,26168959,0.30460000,29.44228000,sell,2021-01-19 18:02:37.520000+00:00
2021-01-19T18:02:36.06Z,26168958,0.30460000,29.44228000,sell,2021-01-19 18:02:36.060000+00:00
2021-01-19T18:02:35.057Z,26168957,0.30460000,60.48574800,sell,2021-01-19 18:02:35.057000+00:00
2021-01-19T18:02:34.544Z,26168956,0.30460000,156.88389000,sell,2021-01-19 18:02:34.544000+00:00
2021-01-19T18:02:34.192Z,26168955,0.30460000,29.44228000,sell,2021-01-19 18:02:34.192000+00:00
2021-01-19T18:02:33.358Z,26168954,0.30460000,140.54522100,sell,2021-01-19 18:02:33.358000+00:00
2021-01-19T18:02:32.915Z,26168953,0.30460000,31.06594400,sell,2021-01-19 18:02:32.915000+00:00
2021-01-19T18:02:31.772Z,26168952,0.30430000,85.70823300,buy,2021-01-19 18:02:31.772000+00:00
2021-01-19T18:02:31.641Z,26168951,0.30460000,60.48574800,sell,2021-01-19 18:02:31.641000+00:00
2021-01-19T18:02:30.872Z,26168950,0.30460000,235.23224300,sell,2021-01-19 18:02:30.872000+00:00
2021-01-19T18:02:29.781Z,26168949,0.30460000,18.45490600,sell,2021-01-19 18:02:29.781000+00:00
2021-01-19T18:02:29.704Z,26168948,0.30430000,2000.00000000,buy,2021-01-19 18:02:29.704000+00:00
2021-01-19T18:02:29.677Z,26168947,0.30460000,3.30041100,sell,2021-01-19 18:02:29.677000+00:00
2021-01-19T18:02:28.907Z,26168946,0.30460000,29.44228000,sell,2021-01-19 18:02:28.907000+00:00
2021-01-19T18:02:27.438Z,26168945,0.30430000,1000.00000000,buy,2021-01-19 18:02:27.438000+00:00
2021-01-19T18:02:26.991Z,26168944,0.30460000,2.58983200,sell,2021-01-19 18:02:26.991000+00:00
2021-01-19T18:02:26.807Z,26168943,0.30460000,60.48574800,sell,2021-01-19 18:02:26.807000+00:00
2021-01-19T18:02:26.514Z,26168942,0.30460000,55.28988700,sell,2021-01-19 18:02:26.514000+00:00
2021-01-19T18:02:25.557Z,26168941,0.30460000,493.23114400,sell,2021-01-19 18:02:25.557000+00:00
2021-01-19T18:02:25.485Z,26168940,0.30460000,772.85395100,sell,2021-01-19 18:02:25.485000+00:00
2021-01-19T18:02:25.216Z,26168939,0.30460000,2721.24317600,sell,2021-01-19 18:02:25.216000+00:00
2021-01-19T18:02:25.216Z,26168938,0.30450000,2104.72156600,sell,2021-01-19 18:02:25.216000+00:00
2021-01-19T18:02:24.535Z,26168937,0.30450000,29.44228000,sell,2021-01-19 18:02:24.535000+00:00
2021-01-19T18:02:24.052Z,26168936,0.30450000,643.77619300,sell,2021-01-19 18:02:24.052000+00:00
2021-01-19T18:02:23.975Z,26168935,0.30450000,44.11810300,sell,2021-01-19 18:02:23.975000+00:00
2021-01-19T18:02:23.537Z,26168934,0.30460000,2701.94304100,sell,2021-01-19 18:02:23.537000+00:00
2021-01-19T18:02:23.51Z,26168933,0.30460000,76.82441700,sell,2021-01-19 18:02:23.510000+00:00
2021-01-19T18:02:22.462Z,26168932,0.30460000,91.52921800,sell,2021-01-19 18:02:22.462000+00:00
2021-01-19T18:02:21.668Z,26168931,0.30450000,124.16577600,sell,2021-01-19 18:02:21.668000+00:00
2021-01-19T18:02:21.031Z,26168930,0.30450000,60.42621500,sell,2021-01-19 18:02:21.031000+00:00
2021-01-19T18:02:20.882Z,26168929,0.30450000,29.43261400,sell,2021-01-19 18:02:20.882000+00:00
2021-01-19T18:02:20.69Z,26168928,0.30450000,123.12186000,sell,2021-01-19 18:02:20.690000+00:00
2021-01-19T18:02:19.539Z,26168927,0.30450000,49.42252400,sell,2021-01-19 18:02:19.539000+00:00
2021-01-19T18:02:19.539Z,26168926,0.30450000,2640.57747600,sell,2021-01-19 18:02:19.539000+00:00
2021-01-19T18:02:19.222Z,26168925,0.30400000,585.25922500,buy,2021-01-19 18:02:19.222000+00:00
2021-01-19T18:02:19.222Z,26168924,0.30400000,2684.74077500,buy,2021-01-19 18:02:19.222000+00:00
2021-01-19T18:02:19.222Z,26168923,0.30400000,4915.25922500,buy,2021-01-19 18:02:19.222000+00:00
2021-01-19T18:02:19.222Z,26168922,0.30400000,8207.00000000,buy,2021-01-19 18:02:19.222000+00:00
2021-01-19T18:02:19.222Z,26168921,0.30400000,100.00000000,buy,2021-01-19 18:02:19.222000+00:00
2021-01-19T18:02:19.222Z,26168920,0.30400000,822.36842100,buy,2021-01-19 18:02:19.222000+00:00
2021-01-19T18:02:19.222Z,26168919,0.30400000,1772.59795500,buy,2021-01-19 18:02:19.222000+00:00
2021-01-19T18:02:19.222Z,26168918,0.30400000,1000.00000000,buy,2021-01-19 18:02:19.222000+00:00
2021-01-19T18:02:19.222Z,26168917,0.30400000,130.92432600,buy,2021-01-19 18:02:19.222000+00:00
2021-01-19T18:02:19.222Z,26168916,0.30400000,3000.00000000,buy,2021-01-19 18:02:19.222000+00:00
2021-01-19T18:02:19.222Z,26168915,0.30410000,8446.00000000,buy,2021-01-19 18:02:19.222000+00:00
2021-01-19T18:02:19.222Z,26168914,0.30410000,7824.00000000,buy,2021-01-19 18:02:19.222000+00:00
2021-01-19T18:02:19.222Z,26168913,0.30420000,3042.00000000,buy,2021-01-19 18:02:19.222000+00:00
2021-01-19T18:02:19.222Z,26168912,0.30430000,500.00000000,buy,2021-01-19 18:02:19.222000+00:00
2021-01-19T18:02:19.222Z,26168911,0.30440000,1.00000000,buy,2021-01-19 18:02:19.222000+00:00
2021-01-19T18:02:19.222Z,26168910,0.30440000,1136.00000000,buy,2021-01-19 18:02:19.222000+00:00
2021-01-19T18:02:19.222Z,26168909,0.30440000,327.00000000,buy,2021-01-19 18:02:19.222000+00:00
2021-01-19T18:02:19.222Z,26168908,0.30440000,6079.19810600,buy,2021-01-19 18:02:19.222000+00:00
2021-01-19T18:02:18.96Z,26168907,0.30450000,6.56383300,sell,2021-01-19 18:02:18.960000+00:00
2021-01-19T18:02:18.871Z,26168906,0.30440000,64.88509800,buy,2021-01-19 18:02:18.871000+00:00
2021-01-19T18:02:18.5Z,26168905,0.30450000,1.00000000,sell,2021-01-19 18:02:18.500000+00:00
2021-01-19T18:02:17.931Z,26168904,0.30450000,43.81605000,sell,2021-01-19 18:02:17.931000+00:00
2021-01-19T18:02:17.118Z,26168903,0.30460000,6413.22844000,sell,2021-01-19 18:02:17.118000+00:00
2021-01-19T18:02:16.918Z,26168902,0.30450000,2251.60287800,sell,2021-01-19 18:02:16.918000+00:00
2021-01-19T18:02:16.31Z,26168901,0.30450000,156.72947600,sell,2021-01-19 18:02:16.310000+00:00
2021-01-19T18:02:16.044Z,26168900,0.30450000,29.43261400,sell,2021-01-19 18:02:16.044000+00:00
2021-01-19T18:02:15.732Z,26168899,0.30440000,3360.66788300,buy,2021-01-19 18:02:15.732000+00:00
2021-01-19T18:02:15.312Z,26168898,0.30450000,16.10127700,sell,2021-01-19 18:02:15.312000+00:00
2021-01-19T18:02:15.303Z,26168897,0.30440000,495.24891300,buy,2021-01-19 18:02:15.303000+00:00
2021-01-19T18:02:15.083Z,26168896,0.30450000,14.42667500,sell,2021-01-19 18:02:15.083000+00:00
2021-01-19T18:02:14.517Z,26168895,0.30450000,6.56598800,sell,2021-01-19 18:02:14.517000+00:00
2021-01-19T18:02:13.831Z,26168894,0.30450000,13.09501100,sell,2021-01-19 18:02:13.831000+00:00
2021-01-19T18:02:13.628Z,26168893,0.30450000,100.00000000,sell,2021-01-19 18:02:13.628000+00:00
2021-01-19T18:02:13.119Z,26168892,0.30450000,91.49704500,sell,2021-01-19 18:02:13.119000+00:00
2021-01-19T18:02:13.063Z,26168891,0.30450000,1609.35310300,sell,2021-01-19 18:02:13.063000+00:00
2021-01-19T18:02:12.838Z,26168890,0.30450000,44.11810300,sell,2021-01-19 18:02:12.838000+00:00
2021-01-19T18:02:11.39Z,26168889,0.30470000,3.92208100,sell,2021-01-19 18:02:11.390000+00:00
2021-01-19T18:02:11.366Z,26168888,0.30470000,195.28342600,sell,2021-01-19 18:02:11.366000+00:00
2021-01-19T18:02:11.079Z,26168887,0.30470000,500.00000000,sell,2021-01-19 18:02:11.079000+00:00
2021-01-19T18:02:10.466Z,26168886,0.30470000,316.89876300,sell,2021-01-19 18:02:10.466000+00:00
2021-01-19T18:02:09.72Z,26168885,0.30470000,79.73497000,sell,2021-01-19 18:02:09.720000+00:00
2021-01-19T18:02:09.72Z,26168884,0.30460000,100.00000000,sell,2021-01-19 18:02:09.720000+00:00
2021-01-19T18:02:09.673Z,26168883,0.30460000,29.43261400,sell,2021-01-19 18:02:09.673000+00:00
2021-01-19T18:02:07.592Z,26168882,0.30480000,316.89876300,sell,2021-01-19 18:02:07.592000+00:00
2021-01-19T18:02:07.025Z,26168881,0.30470000,1638.47092100,sell,2021-01-19 18:02:07.025000+00:00
2021-01-19T18:02:06.128Z,26168880,0.30480000,1285.24098000,sell,2021-01-19 18:02:06.128000+00:00
2021-01-19T18:02:05.955Z,26168879,0.30480000,78.35971200,sell,2021-01-19 18:02:05.955000+00:00
2021-01-19T18:02:05.532Z,26168878,0.30450000,4379.19541600,buy,2021-01-19 18:02:05.532000+00:00
2021-01-19T18:02:05.532Z,26168877,0.30450000,214.00000000,buy,2021-01-19 18:02:05.532000+00:00
2021-01-19T18:02:05.532Z,26168876,0.30450000,81.69334000,buy,2021-01-19 18:02:05.532000+00:00
2021-01-19T18:02:05.532Z,26168875,0.30450000,11.45304400,buy,2021-01-19 18:02:05.532000+00:00
2021-01-19T18:02:05.532Z,26168874,0.30450000,1.00000000,buy,2021-01-19 18:02:05.532000+00:00
2021-01-19T18:02:05.532Z,26168873,0.30450000,6.00000000,buy,2021-01-19 18:02:05.532000+00:00
2021-01-19T18:02:05.532Z,26168872,0.30450000,10.00000000,buy,2021-01-19 18:02:05.532000+00:00
2021-01-19T18:02:05.532Z,26168871,0.30450000,1000.00000000,buy,2021-01-19 18:02:05.532000+00:00
2021-01-19T18:02:05.532Z,26168870,0.30450000,36.00000000,buy,2021-01-19 18:02:05.532000+00:00
2021-01-19T18:02:05.532Z,26168869,0.30450000,1000.00000000,buy,2021-01-19 18:02:05.532000+00:00
2021-01-19T18:02:05.532Z,26168868,0.30450000,100.00000000,buy,2021-01-19 18:02:05.532000+00:00
2021-01-19T18:02:05.532Z,26168867,0.30450000,53894.49732900,buy,2021-01-19 18:02:05.532000+00:00
2021-01-19T18:02:05.532Z,26168866,0.30460000,326.80068700,buy,2021-01-19 18:02:05.532000+00:00
2021-01-19T18:02:05.449Z,26168865,0.30480000,321.61610600,sell,2021-01-19 18:02:05.449000+00:00
2021-01-19T18:02:05.048Z,26168864,0.30470000,76.79919500,sell,2021-01-19 18:02:05.048000+00:00
2021-01-19T18:02:04.905Z,26168863,0.30470000,316.89876300,sell,2021-01-19 18:02:04.905000+00:00
2021-01-19T18:02:04.901Z,26168862,0.30470000,3.20554400,sell,2021-01-19 18:02:04.901000+00:00
2021-01-19T18:02:04.727Z,26168861,0.30450000,3.28030200,buy,2021-01-19 18:02:04.727000+00:00
2021-01-19T18:02:04.436Z,26168860,0.30450000,483.62744400,buy,2021-01-19 18:02:04.436000+00:00
2021-01-19T18:02:04.432Z,26168859,0.30470000,2003.22724600,sell,2021-01-19 18:02:04.432000+00:00
2021-01-19T18:02:04.432Z,26168858,0.30460000,4996.77275400,sell,2021-01-19 18:02:04.432000+00:00
2021-01-19T18:02:04.306Z,26168857,0.30460000,3.22724600,sell,2021-01-19 18:02:04.306000+00:00
2021-01-19T18:02:04.119Z,26168856,0.30480000,3.29932700,sell,2021-01-19 18:02:04.119000+00:00
2021-01-19T18:02:04.107Z,26168855,0.30480000,44.13258700,sell,2021-01-19 18:02:04.107000+00:00
2021-01-19T18:02:03.977Z,26168854,0.30480000,316.89876300,sell,2021-01-19 18:02:03.977000+00:00
2021-01-19T18:02:03.488Z,26168853,0.30480000,1365.65540100,sell,2021-01-19 18:02:03.488000+00:00
2021-01-19T18:02:03.488Z,26168852,0.30480000,1761.18745100,sell,2021-01-19 18:02:03.488000+00:00
2021-01-19T18:02:03.488Z,26168851,0.30470000,3288.23829700,sell,2021-01-19 18:02:03.488000+00:00
2021-01-19T18:02:01.762Z,26168850,0.30480000,156.83238400,sell,2021-01-19 18:02:01.762000+00:00
2021-01-19T18:02:01.165Z,26168849,0.30450000,2006.41386600,buy,2021-01-19 18:02:01.165000+00:00
2021-01-19T18:02:00.578Z,26168848,0.30470000,9.66284300,sell,2021-01-19 18:02:00.578000+00:00
2021-01-19T18:02:00.552Z,26168847,0.30480000,4659.73215500,sell,2021-01-19 18:02:00.552000+00:00
2021-01-19T18:02:00.552Z,26168846,0.30480000,8112.00000000,sell,2021-01-19 18:02:00.552000+00:00
2021-01-19T18:02:00.552Z,26168845,0.30470000,3290.26684900,sell,2021-01-19 18:02:00.552000+00:00
2021-01-19T18:02:00.552Z,26168844,0.30470000,8263.00000000,sell,2021-01-19 18:02:00.552000+00:00
2021-01-19T18:02:00.552Z,26168843,0.30470000,14279.30336400,sell,2021-01-19 18:02:00.552000+00:00
2021-01-19T18:02:00.552Z,26168842,0.30460000,6580.90467800,sell,2021-01-19 18:02:00.552000+00:00
2021-01-19T18:02:00.552Z,26168841,0.30460000,4104.00000000,sell,2021-01-19 18:02:00.552000+00:00
2021-01-19T18:02:00.552Z,26168840,0.30460000,135.62475700,sell,2021-01-19 18:02:00.552000+00:00
2021-01-19T18:02:00.552Z,26168839,0.30460000,575.16819700,sell,2021-01-19 18:02:00.552000+00:00
2021-01-19T18:02:00.221Z,26168838,0.30460000,3218.70620600,sell,2021-01-19 18:02:00.221000+00:00
2021-01-19T18:02:00.161Z,26168837,0.30450000,11.77403100,buy,2021-01-19 18:02:00.161000+00:00
2021-01-19T18:01:59.417Z,26168836,0.30460000,1.60507400,sell,2021-01-19 18:01:59.417000+00:00
2021-01-19T18:01:58.63Z,26168835,0.30460000,316.89876300,sell,2021-01-19 18:01:58.630000+00:00
2021-01-19T18:01:58.419Z,26168834,0.30450000,2748.71800600,buy,2021-01-19 18:01:58.419000+00:00
2021-01-19T18:01:58.364Z,26168833,0.30460000,13.09930900,sell,2021-01-19 18:01:58.364000+00:00
2021-01-19T18:01:58.226Z,26168832,0.30450000,4788.96157200,buy,2021-01-19 18:01:58.226000+00:00
2021-01-19T18:01:57.102Z,26168831,0.30450000,4113.00000000,buy,2021-01-19 18:01:57.102000+00:00
2021-01-19T18:01:56.984Z,26168830,0.30460000,46.61898900,sell,2021-01-19 18:01:56.984000+00:00
2021-01-19T18:01:55.448Z,26168829,0.30450000,4112.00000000,buy,2021-01-19 18:01:55.448000+00:00
2021-01-19T18:01:55.43Z,26168828,0.30450000,1000.00000000,buy,2021-01-19 18:01:55.430000+00:00
2021-01-19T18:01:55.425Z,26168827,0.30450000,5000.00000000,buy,2021-01-19 18:01:55.425000+00:00
2021-01-19T18:01:53.499Z,26168826,0.30460000,827.90346200,sell,2021-01-19 18:01:53.499000+00:00
2021-01-19T18:01:53.499Z,26168825,0.30460000,2100.00000000,sell,2021-01-19 18:01:53.499000+00:00
2021-01-19T18:01:53.499Z,26168824,0.30460000,5250.96411200,sell,2021-01-19 18:01:53.499000+00:00
2021-01-19T18:01:52.824Z,26168823,0.30460000,13.09930900,sell,2021-01-19 18:01:52.824000+00:00
2021-01-19T18:01:52.778Z,26168822,0.30460000,30.10122200,sell,2021-01-19 18:01:52.778000+00:00
2021-01-19T18:01:52.241Z,26168821,0.30460000,76.79919500,sell,2021-01-19 18:01:52.241000+00:00
2021-01-19T18:01:51.917Z,26168820,0.30450000,877.56705200,buy,2021-01-19 18:01:51.917000+00:00
2021-01-19T18:01:51.903Z,26168819,0.30450000,426.00000000,buy,2021-01-19 18:01:51.903000+00:00
2021-01-19T18:01:50.829Z,26168818,0.30460000,3.00000000,sell,2021-01-19 18:01:50.829000+00:00
2021-01-19T18:01:50.386Z,26168817,0.30460000,58.61492800,sell,2021-01-19 18:01:50.386000+00:00
2021-01-19T18:01:49.97Z,26168816,0.30460000,15.02143700,sell,2021-01-19 18:01:49.970000+00:00
2021-01-19T18:01:49.186Z,26168815,0.30460000,100.00000000,sell,2021-01-19 18:01:49.186000+00:00
2021-01-19T18:01:49.055Z,26168814,0.30460000,30.02061300,sell,2021-01-19 18:01:49.055000+00:00
2021-01-19T18:01:48.438Z,26168813,0.30460000,47.48446900,sell,2021-01-19 18:01:48.438000+00:00
2021-01-19T18:01:47.754Z,26168812,0.30450000,500.00000000,buy,2021-01-19 18:01:47.754000+00:00
2021-01-19T18:01:46.053Z,26168811,0.30460000,4246.67261800,sell,2021-01-19 18:01:46.053000+00:00
2021-01-19T18:01:46.053Z,26168810,0.30460000,2100.00000000,sell,2021-01-19 18:01:46.053000+00:00
2021-01-19T18:01:46.053Z,26168809,0.30460000,1377.00000000,sell,2021-01-19 18:01:46.053000+00:00
2021-01-19T18:01:46.053Z,26168808,0.30460000,4104.00000000,sell,2021-01-19 18:01:46.053000+00:00
2021-01-19T18:01:46.053Z,26168807,0.30460000,527.46674000,sell,2021-01-19 18:01:46.053000+00:00
2021-01-19T18:01:46.053Z,26168806,0.30460000,519.68546700,sell,2021-01-19 18:01:46.053000+00:00
2021-01-19T18:01:45.823Z,26168805,0.30460000,28.57859300,sell,2021-01-19 18:01:45.823000+00:00
2021-01-19T18:01:45.655Z,26168804,0.30460000,740.09372300,sell,2021-01-19 18:01:45.655000+00:00
2021-01-19T18:01:45.614Z,26168803,0.30460000,76.79919500,sell,2021-01-19 18:01:45.614000+00:00
2021-01-19T18:01:45.53Z,26168802,0.30460000,64.19076100,sell,2021-01-19 18:01:45.530000+00:00
2021-01-19T18:01:44.91Z,26168801,0.30460000,60.46589200,sell,2021-01-19 18:01:44.910000+00:00
2021-01-19T18:01:44.516Z,26168800,0.30460000,29.43261400,sell,2021-01-19 18:01:44.516000+00:00
2021-01-19T18:01:44.302Z,26168799,0.30450000,1331.39575800,buy,2021-01-19 18:01:44.302000+00:00
2021-01-19T18:01:44.096Z,26168798,0.30460000,29.43261400,sell,2021-01-19 18:01:44.096000+00:00
2021-01-19T18:01:43.965Z,26168797,0.30460000,376.98621100,sell,2021-01-19 18:01:43.965000+00:00
2021-01-19T18:01:43.811Z,26168796,0.30450000,858.81036300,buy,2021-01-19 18:01:43.811000+00:00
2021-01-19T18:01:43.351Z,26168795,0.30460000,3.29932700,sell,2021-01-19 18:01:43.351000+00:00
2021-01-19T18:01:42.596Z,26168794,0.30450000,1571.48351800,buy,2021-01-19 18:01:42.596000+00:00
2021-01-19T18:01:42.546Z,26168793,0.30460000,70.60212000,sell,2021-01-19 18:01:42.546000+00:00
2021-01-19T18:01:42.042Z,26168792,0.30450000,1854.86579100,buy,2021-01-19 18:01:42.042000+00:00
2021-01-19T18:01:41.425Z,26168791,0.30460000,64.88509800,sell,2021-01-19 18:01:41.425000+00:00
2021-01-19T18:01:41.414Z,26168790,0.30460000,643.56484200,sell,2021-01-19 18:01:41.414000+00:00
2021-01-19T18:01:41.353Z,26168789,0.30450000,1.00000000,buy,2021-01-19 18:01:41.353000+00:00
2021-01-19T18:01:41.235Z,26168788,0.30460000,3.29932700,sell,2021-01-19 18:01:41.235000+00:00
2021-01-19T18:01:41.194Z,26168787,0.30460000,2.31516700,sell,2021-01-19 18:01:41.194000+00:00
2021-01-19T18:01:40.547Z,26168786,0.30450000,39.73773100,buy,2021-01-19 18:01:40.547000+00:00
2021-01-19T18:01:40.207Z,26168785,0.30450000,2189.34978600,buy,2021-01-19 18:01:40.207000+00:00
2021-01-19T18:01:39.866Z,26168784,0.30460000,804.67655100,sell,2021-01-19 18:01:39.866000+00:00
2021-01-19T18:01:39.84Z,26168783,0.30450000,2584.15056800,buy,2021-01-19 18:01:39.840000+00:00
2021-01-19T18:01:39.497Z,26168782,0.30460000,3.29932700,sell,2021-01-19 18:01:39.497000+00:00
2021-01-19T18:01:39.049Z,26168781,0.30460000,58.89344800,sell,2021-01-19 18:01:39.049000+00:00
2021-01-19T18:01:38.798Z,26168780,0.30460000,316.89876300,sell,2021-01-19 18:01:38.798000+00:00
2021-01-19T18:01:38.723Z,26168779,0.30450000,5000.00000000,buy,2021-01-19 18:01:38.723000+00:00
2021-01-19T18:01:38.702Z,26168778,0.30450000,28.61116600,buy,2021-01-19 18:01:38.702000+00:00
2021-01-19T18:01:38.655Z,26168777,0.30450000,4112.00000000,buy,2021-01-19 18:01:38.655000+00:00
2021-01-19T18:01:37.803Z,26168776,0.30460000,1102.60096000,sell,2021-01-19 18:01:37.803000+00:00
2021-01-19T18:01:37.803Z,26168775,0.30460000,3897.39904000,sell,2021-01-19 18:01:37.803000+00:00
2021-01-19T18:01:37.321Z,26168774,0.30460000,13.09914600,sell,2021-01-19 18:01:37.321000+00:00
2021-01-19T18:01:36.062Z,26168773,0.30450000,73.34541400,buy,2021-01-19 18:01:36.062000+00:00
2021-01-19T18:01:35.804Z,26168772,0.30460000,60.46589200,sell,2021-01-19 18:01:35.804000+00:00
2021-01-19T18:01:35.16Z,26168771,0.30460000,2.31381600,sell,2021-01-19 18:01:35.160000+00:00
2021-01-19T18:01:34.823Z,26168770,0.30460000,314.12210100,sell,2021-01-19 18:01:34.823000+00:00
2021-01-19T18:01:34.028Z,26168769,0.30450000,183.20485500,buy,2021-01-19 18:01:34.028000+00:00
2021-01-19T18:01:33.743Z,26168768,0.30460000,44.13258700,sell,2021-01-19 18:01:33.743000+00:00
2021-01-19T18:01:33.192Z,26168767,0.30460000,3.29932700,sell,2021-01-19 18:01:33.192000+00:00
2021-01-19T18:01:32.973Z,26168766,0.30460000,5.00000000,sell,2021-01-19 18:01:32.973000+00:00
2021-01-19T18:01:31.288Z,26168765,0.30460000,3.29932700,sell,2021-01-19 18:01:31.288000+00:00
2021-01-19T18:01:30.786Z,26168764,0.30460000,51.04483300,sell,2021-01-19 18:01:30.786000+00:00
2021-01-19T18:01:30.768Z,26168763,0.30450000,206.20544800,buy,2021-01-19 18:01:30.768000+00:00
2021-01-19T18:01:30.768Z,26168762,0.30450000,2.00000000,buy,2021-01-19 18:01:30.768000+00:00
2021-01-19T18:01:30.768Z,26168761,0.30450000,1457.83292700,buy,2021-01-19 18:01:30.768000+00:00
2021-01-19T18:01:30.448Z,26168760,0.30450000,1966.47152400,buy,2021-01-19 18:01:30.448000+00:00
2021-01-19T18:01:30.257Z,26168759,0.30460000,9.98153600,sell,2021-01-19 18:01:30.257000+00:00
2021-01-19T18:01:30.156Z,26168758,0.30460000,132.32767000,sell,2021-01-19 18:01:30.156000+00:00
2021-01-19T18:01:30.051Z,26168757,0.30450000,1000.00000000,buy,2021-01-19 18:01:30.051000+00:00
2021-01-19T18:01:29.49Z,26168756,0.30460000,316.89876300,sell,2021-01-19 18:01:29.490000+00:00
2021-01-19T18:01:28.949Z,26168755,0.30450000,5000.00000000,buy,2021-01-19 18:01:28.949000+00:00
2021-01-19T18:01:28.934Z,26168754,0.30450000,3640.00000000,buy,2021-01-19 18:01:28.934000+00:00
2021-01-19T18:01:28.523Z,26168753,0.30460000,76.79919500,sell,2021-01-19 18:01:28.523000+00:00
2021-01-19T18:01:26.917Z,26168752,0.30470000,16.02115500,sell,2021-01-19 18:01:26.917000+00:00
2021-01-19T18:01:26.742Z,26168751,0.30470000,4216.64685000,sell,2021-01-19 18:01:26.742000+00:00
2021-01-19T18:01:26.742Z,26168750,0.30460000,4104.00000000,sell,2021-01-19 18:01:26.742000+00:00
2021-01-19T18:01:26.742Z,26168749,0.30460000,1679.61414000,sell,2021-01-19 18:01:26.742000+00:00
2021-01-19T18:01:26.73Z,26168748,0.30460000,21.00000000,sell,2021-01-19 18:01:26.730000+00:00
2021-01-19T18:01:26.73Z,26168747,0.30460000,179.00000000,sell,2021-01-19 18:01:26.730000+00:00
2021-01-19T18:01:25.916Z,26168746,0.30470000,2581.77863100,sell,2021-01-19 18:01:25.916000+00:00
2021-01-19T18:01:25.916Z,26168745,0.30460000,2111.10720800,sell,2021-01-19 18:01:25.916000+00:00
2021-01-19T18:01:25.916Z,26168744,0.30460000,20.00000000,sell,2021-01-19 18:01:25.916000+00:00
2021-01-19T18:01:25.916Z,26168743,0.30460000,115.17347000,sell,2021-01-19 18:01:25.916000+00:00
2021-01-19T18:01:25.657Z,26168742,0.30460000,284.23215500,sell,2021-01-19 18:01:25.657000+00:00
2021-01-19T18:01:25.218Z,26168741,0.30450000,3.31310500,buy,2021-01-19 18:01:25.218000+00:00
2021-01-19T18:01:24.987Z,26168740,0.30450000,1957.84181300,buy,2021-01-19 18:01:24.987000+00:00
2021-01-19T18:01:24.618Z,26168739,0.30450000,16.40150900,buy,2021-01-19 18:01:24.618000+00:00
2021-01-19T18:01:24.375Z,26168738,0.30450000,2310.89525500,buy,2021-01-19 18:01:24.375000+00:00
2021-01-19T18:01:23.687Z,26168737,0.30460000,288.00000000,sell,2021-01-19 18:01:23.687000+00:00
2021-01-19T18:01:23.208Z,26168736,0.30460000,110.59437500,sell,2021-01-19 18:01:23.208000+00:00
2021-01-19T18:01:23.208Z,26168735,0.30460000,206.20038400,sell,2021-01-19 18:01:23.208000+00:00
2021-01-19T18:01:23.122Z,26168734,0.30450000,41.04118500,buy,2021-01-19 18:01:23.122000+00:00
2021-01-19T18:01:23.063Z,26168733,0.30450000,2348.45040700,buy,2021-01-19 18:01:23.063000+00:00
2021-01-19T18:01:22.978Z,26168732,0.30450000,472.00000000,buy,2021-01-19 18:01:22.978000+00:00
2021-01-19T18:01:22.871Z,26168731,0.30460000,156.83238400,sell,2021-01-19 18:01:22.871000+00:00
2021-01-19T18:01:22.846Z,26168730,0.30460000,221.14559400,sell,2021-01-19 18:01:22.846000+00:00
2021-01-19T18:01:22.689Z,26168729,0.30450000,2404.62666500,buy,2021-01-19 18:01:22.689000+00:00
2021-01-19T18:01:22.309Z,26168728,0.30460000,316.89876300,sell,2021-01-19 18:01:22.309000+00:00
2021-01-19T18:01:22.097Z,26168727,0.30460000,34.33260500,sell,2021-01-19 18:01:22.097000+00:00
2021-01-19T18:01:21.353Z,26168726,0.30460000,400.00000000,sell,2021-01-19 18:01:21.353000+00:00
2021-01-19T18:01:19.666Z,26168725,0.30460000,381.98117000,sell,2021-01-19 18:01:19.666000+00:00
2021-01-19T18:01:19.519Z,26168724,0.30460000,609.48480000,sell,2021-01-19 18:01:19.519000+00:00
2021-01-19T18:01:19.475Z,26168723,0.30460000,29.42295400,sell,2021-01-19 18:01:19.475000+00:00
2021-01-19T18:01:19.321Z,26168722,0.30460000,4219.37471900,sell,2021-01-19 18:01:19.321000+00:00
2021-01-19T18:01:19.321Z,26168721,0.30460000,608.68459000,sell,2021-01-19 18:01:19.321000+00:00
2021-01-19T18:01:18.62Z,26168720,0.30450000,1914.27928200,buy,2021-01-19 18:01:18.620000+00:00
2021-01-19T18:01:18.352Z,26168719,0.30450000,3958.00000000,buy,2021-01-19 18:01:18.352000+00:00
2021-01-19T18:01:17.884Z,26168718,0.30460000,156.67807300,sell,2021-01-19 18:01:17.884000+00:00
2021-01-19T18:01:17.409Z,26168717,0.30450000,2563.00000000,buy,2021-01-19 18:01:17.409000+00:00
2021-01-19T18:01:16.741Z,26168716,0.30450000,739.09457900,buy,2021-01-19 18:01:16.741000+00:00
2021-01-19T18:01:16.649Z,26168715,0.30450000,2065.96193900,buy,2021-01-19 18:01:16.649000+00:00
2021-01-19T18:01:16.333Z,26168714,0.30450000,1500.00000000,buy,2021-01-19 18:01:16.333000+00:00
2021-01-19T18:01:14.951Z,26168713,0.30460000,13.07784300,sell,2021-01-19 18:01:14.951000+00:00
2021-01-19T18:01:14.756Z,26168712,0.30460000,964.67482200,sell,2021-01-19 18:01:14.756000+00:00
2021-01-19T18:01:14.592Z,26168711,0.30460000,91.46913900,sell,2021-01-19 18:01:14.592000+00:00
2021-01-19T18:01:14.116Z,26168710,0.30450000,445.77000000,buy,2021-01-19 18:01:14.116000+00:00
2021-01-19T18:01:13.957Z,26168709,0.30460000,60.42621500,sell,2021-01-19 18:01:13.957000+00:00
2021-01-19T18:01:13.535Z,26168708,0.30460000,76.69847500,sell,2021-01-19 18:01:13.535000+00:00
2021-01-19T18:01:13.19Z,26168707,0.30460000,2.00000000,sell,2021-01-19 18:01:13.190000+00:00
2021-01-19T18:01:13Z,26168706,0.30460000,212.29592100,sell,2021-01-19 18:01:13+00:00
2021-01-19T18:01:12.787Z,26168705,0.30460000,317.75975600,sell,2021-01-19 18:01:12.787000+00:00
2021-01-19T18:01:12.661Z,26168704,0.30460000,642.72082200,sell,2021-01-19 18:01:12.661000+00:00
2021-01-19T18:01:12.201Z,26168703,0.30460000,316.37942700,sell,2021-01-19 18:01:12.201000+00:00
2021-01-19T18:01:12.089Z,26168702,0.30460000,641.13491700,sell,2021-01-19 18:01:12.089000+00:00
2021-01-19T18:01:12.089Z,26168701,0.30460000,162.22292500,sell,2021-01-19 18:01:12.089000+00:00
2021-01-19T18:01:11.559Z,26168700,0.30450000,2438.51245300,buy,2021-01-19 18:01:11.559000+00:00
2021-01-19T18:01:11.539Z,26168699,0.30460000,642.93161900,sell,2021-01-19 18:01:11.539000+00:00
2021-01-19T18:01:11.268Z,26168698,0.30460000,3216.59419400,sell,2021-01-19 18:01:11.268000+00:00
2021-01-19T18:01:11.081Z,26168697,0.30460000,500.32084400,sell,2021-01-19 18:01:11.081000+00:00
2021-01-19T18:01:10.826Z,26168696,0.30450000,2528.77159200,buy,2021-01-19 18:01:10.826000+00:00
2021-01-19T18:01:10.658Z,26168695,0.30450000,3533.19796600,buy,2021-01-19 18:01:10.658000+00:00
2021-01-19T18:01:10.658Z,26168694,0.30450000,1466.80203400,buy,2021-01-19 18:01:10.658000+00:00
2021-01-19T18:01:10.622Z,26168693,0.30460000,316.15776100,sell,2021-01-19 18:01:10.622000+00:00
2021-01-19T18:01:10.471Z,26168692,0.30460000,60.32725400,sell,2021-01-19 18:01:10.471000+00:00
2021-01-19T18:01:10.29Z,26168691,0.30460000,101.44540300,sell,2021-01-19 18:01:10.290000+00:00
2021-01-19T18:01:10.115Z,26168690,0.30470000,156.67807300,sell,2021-01-19 18:01:10.115000+00:00
2021-01-19T18:01:08.481Z,26168689,0.30450000,13.19796600,buy,2021-01-19 18:01:08.481000+00:00
2021-01-19T18:01:08.369Z,26168688,0.30470000,398.04257400,sell,2021-01-19 18:01:08.369000+00:00
2021-01-19T18:01:07.889Z,26168687,0.30460000,245.27386700,buy,2021-01-19 18:01:07.889000+00:00
2021-01-19T18:01:07.036Z,26168686,0.30470000,60.40639700,sell,2021-01-19 18:01:07.036000+00:00
2021-01-19T18:01:06.851Z,26168685,0.30470000,739.09457900,sell,2021-01-19 18:01:06.851000+00:00
2021-01-19T18:01:06.735Z,26168684,0.30470000,60.42621500,sell,2021-01-19 18:01:06.735000+00:00
2021-01-19T18:01:06.515Z,26168683,0.30470000,769.12637400,sell,2021-01-19 18:01:06.515000+00:00
2021-01-19T18:01:06.515Z,26168682,0.30460000,1553.83099700,buy,2021-01-19 18:01:06.515000+00:00
2021-01-19T18:01:06.515Z,26168681,0.30460000,2695.60424800,buy,2021-01-19 18:01:06.515000+00:00
2021-01-19T18:01:06.31Z,26168680,0.30470000,222.64972600,sell,2021-01-19 18:01:06.310000+00:00
2021-01-19T18:01:06.03Z,26168679,0.30460000,5000.00000000,buy,2021-01-19 18:01:06.030000+00:00
2021-01-19T18:01:05.422Z,26168678,0.30480000,648.93973800,sell,2021-01-19 18:01:05.422000+00:00
2021-01-19T18:01:05.422Z,26168677,0.30470000,1439.79717400,sell,2021-01-19 18:01:05.422000+00:00
2021-01-19T18:01:05.347Z,26168676,0.30470000,681.11861200,sell,2021-01-19 18:01:05.347000+00:00
2021-01-19T18:01:05.31Z,26168675,0.30470000,24.25976000,sell,2021-01-19 18:01:05.310000+00:00
2021-01-19T18:01:04.993Z,26168674,0.30470000,316.48315800,sell,2021-01-19 18:01:04.993000+00:00
2021-01-19T18:01:04.945Z,26168673,0.30470000,3.29176200,sell,2021-01-19 18:01:04.945000+00:00
2021-01-19T18:01:04.462Z,26168672,0.30490000,470.71954100,sell,2021-01-19 18:01:04.462000+00:00
2021-01-19T18:01:03.738Z,26168671,0.30460000,741.39575200,buy,2021-01-19 18:01:03.738000+00:00
2021-01-19T18:01:03.738Z,26168670,0.30460000,1000.00000000,buy,2021-01-19 18:01:03.738000+00:00
2021-01-19T18:01:02.94Z,26168669,0.30470000,642.29964200,sell,2021-01-19 18:01:02.940000+00:00
2021-01-19T18:01:02.015Z,26168668,0.30490000,159.88908000,sell,2021-01-19 18:01:02.015000+00:00
2021-01-19T18:01:01.973Z,26168667,0.30490000,4490.59301100,sell,2021-01-19 18:01:01.973000+00:00
2021-01-19T18:01:01.973Z,26168666,0.30490000,1923.37689300,sell,2021-01-19 18:01:01.973000+00:00
2021-01-19T18:01:01.973Z,26168665,0.30480000,15.00000000,sell,2021-01-19 18:01:01.973000+00:00
2021-01-19T18:01:01.87Z,26168664,0.30490000,76.62310700,sell,2021-01-19 18:01:01.870000+00:00
2021-01-19T18:01:01.067Z,26168663,0.30470000,1000.00000000,buy,2021-01-19 18:01:01.067000+00:00
2021-01-19T18:01:01.067Z,26168662,0.30470000,438.93570000,buy,2021-01-19 18:01:01.067000+00:00
2021-01-19T18:01:00.959Z,26168661,0.30480000,60.38659200,sell,2021-01-19 18:01:00.959000+00:00
2021-01-19T18:01:00.722Z,26168660,0.30470000,1261.06430000,buy,2021-01-19 18:01:00.722000+00:00
2021-01-19T18:01:00.512Z,26168659,0.30480000,642.72082200,sell,2021-01-19 18:01:00.512000+00:00
2021-01-19T18:00:59.956Z,26168658,0.30480000,2.00000000,buy,2021-01-19 18:00:59.956000+00:00
2021-01-19T18:00:59.956Z,26168657,0.30480000,706.77581600,buy,2021-01-19 18:00:59.956000+00:00
2021-01-19T18:00:59.633Z,26168656,0.30490000,316.48315800,sell,2021-01-19 18:00:59.633000+00:00
2021-01-19T18:00:59.588Z,26168655,0.30480000,313.30153300,buy,2021-01-19 18:00:59.588000+00:00
2021-01-19T18:00:59.588Z,26168654,0.30480000,652.90346200,buy,2021-01-19 18:00:59.588000+00:00
2021-01-19T18:00:59.588Z,26168653,0.30480000,13.10539600,buy,2021-01-19 18:00:59.588000+00:00
2021-01-19T18:00:59.588Z,26168652,0.30480000,25.29023200,buy,2021-01-19 18:00:59.588000+00:00
2021-01-19T18:00:59.588Z,26168651,0.30480000,162.73888500,buy,2021-01-19 18:00:59.588000+00:00
2021-01-19T18:00:59.545Z,26168650,0.30490000,29.38437900,sell,2021-01-19 18:00:59.545000+00:00
2021-01-19T18:00:59.402Z,26168649,0.30490000,333.92352800,sell,2021-01-19 18:00:59.402000+00:00
2021-01-19T18:00:59.402Z,26168648,0.30490000,763.01562100,sell,2021-01-19 18:00:59.402000+00:00
2021-01-19T18:00:59.354Z,26168647,0.30490000,163.15145600,sell,2021-01-19 18:00:59.354000+00:00
2021-01-19T18:00:59.298Z,26168646,0.30490000,9.00000000,sell,2021-01-19 18:00:59.298000+00:00
2021-01-19T18:00:59.273Z,26168645,0.30480000,1167.33950800,buy,2021-01-19 18:00:59.273000+00:00
2021-01-19T18:00:59.202Z,26168644,0.30490000,60.34702000,sell,2021-01-19 18:00:59.202000+00:00
2021-01-19T18:00:58.746Z,26168643,0.30480000,1290.27979000,buy,2021-01-19 18:00:58.746000+00:00
2021-01-19T18:00:58.116Z,26168642,0.30480000,2053.56068600,buy,2021-01-19 18:00:58.116000+00:00
2021-01-19T18:00:58.053Z,26168641,0.30480000,1167.33950800,buy,2021-01-19 18:00:58.053000+00:00
2021-01-19T18:00:57.846Z,26168640,0.30490000,750.00000000,sell,2021-01-19 18:00:57.846000+00:00
2021-01-19T18:00:57.766Z,26168639,0.30480000,1358.74162300,buy,2021-01-19 18:00:57.766000+00:00
2021-01-19T18:00:57.766Z,26168638,0.30480000,12.73373900,buy,2021-01-19 18:00:57.766000+00:00
2021-01-19T18:00:57.172Z,26168637,0.30500000,12.82900800,sell,2021-01-19 18:00:57.172000+00:00
2021-01-19T18:00:57.079Z,26168636,0.30500000,2410.86371400,sell,2021-01-19 18:00:57.079000+00:00
2021-01-19T18:00:57.059Z,26168635,0.30500000,3.21799900,sell,2021-01-19 18:00:57.059000+00:00
2021-01-19T18:00:56.743Z,26168634,0.30500000,3167.66964000,sell,2021-01-19 18:00:56.743000+00:00
2021-01-19T18:00:56.743Z,26168633,0.30500000,7525.00000000,sell,2021-01-19 18:00:56.743000+00:00
2021-01-19T18:00:56.743Z,26168632,0.30500000,6725.85239100,sell,2021-01-19 18:00:56.743000+00:00
2021-01-19T18:00:56.743Z,26168631,0.30490000,5000.00000000,sell,2021-01-19 18:00:56.743000+00:00
2021-01-19T18:00:56.542Z,26168630,0.30500000,1001.14760900,sell,2021-01-19 18:00:56.542000+00:00
2021-01-19T18:00:56.542Z,26168629,0.30500000,3812.05650600,sell,2021-01-19 18:00:56.542000+00:00
2021-01-19T18:00:55.177Z,26168628,0.30500000,3212.37847500,sell,2021-01-19 18:00:55.177000+00:00
2021-01-19T18:00:54.912Z,26168627,0.30500000,169.56501900,sell,2021-01-19 18:00:54.912000+00:00
2021-01-19T18:00:54.63Z,26168626,0.30490000,95.90725000,buy,2021-01-19 18:00:54.630000+00:00
2021-01-19T18:00:54.147Z,26168625,0.30490000,879.16238900,buy,2021-01-19 18:00:54.147000+00:00
2021-01-19T18:00:54.147Z,26168624,0.30490000,739.62820300,buy,2021-01-19 18:00:54.147000+00:00
2021-01-19T18:00:54.117Z,26168623,0.30500000,500.00000000,sell,2021-01-19 18:00:54.117000+00:00
2021-01-19T18:00:53.767Z,26168622,0.30490000,44.57700000,buy,2021-01-19 18:00:53.767000+00:00
2021-01-19T18:00:52.986Z,26168621,0.30490000,4773.32475100,buy,2021-01-19 18:00:52.986000+00:00
2021-01-19T18:00:52.986Z,26168620,0.30500000,497.21015900,buy,2021-01-19 18:00:52.986000+00:00
2021-01-19T18:00:52.767Z,26168619,0.30500000,11502.78984100,buy,2021-01-19 18:00:52.767000+00:00
2021-01-19T18:00:52.41Z,26168618,0.30510000,228.44619200,sell,2021-01-19 18:00:52.410000+00:00
2021-01-19T18:00:52.099Z,26168617,0.30510000,31.92000500,sell,2021-01-19 18:00:52.099000+00:00
2021-01-19T18:00:51.994Z,26168616,0.30510000,61.88450500,sell,2021-01-19 18:00:51.994000+00:00
2021-01-19T18:00:51.994Z,26168615,0.30500000,259.69368800,sell,2021-01-19 18:00:51.994000+00:00
2021-01-19T18:00:51.94Z,26168614,0.30490000,1713.83543400,buy,2021-01-19 18:00:51.940000+00:00
2021-01-19T18:00:51.889Z,26168613,0.30500000,2779.16000500,sell,2021-01-19 18:00:51.889000+00:00
2021-01-19T18:00:51.695Z,26168612,0.30490000,2022.88772600,buy,2021-01-19 18:00:51.695000+00:00
2021-01-19T18:00:51.462Z,26168611,0.30510000,316.27576400,sell,2021-01-19 18:00:51.462000+00:00
2021-01-19T18:00:51.426Z,26168610,0.30490000,2387.67075800,buy,2021-01-19 18:00:51.426000+00:00
2021-01-19T18:00:51.254Z,26168609,0.30500000,642.08925900,sell,2021-01-19 18:00:51.254000+00:00
2021-01-19T18:00:51.174Z,26168608,0.30500000,2501.00000000,sell,2021-01-19 18:00:51.174000+00:00
2021-01-19T18:00:50.379Z,26168607,0.30500000,150.01963700,sell,2021-01-19 18:00:50.379000+00:00
2021-01-19T18:00:49.863Z,26168606,0.30500000,1.00000000,sell,2021-01-19 18:00:49.863000+00:00
2021-01-19T18:00:49.822Z,26168605,0.30490000,164.01508900,buy,2021-01-19 18:00:49.822000+00:00
2021-01-19T18:00:49.815Z,26168604,0.30490000,1852.48935500,buy,2021-01-19 18:00:49.815000+00:00
2021-01-19T18:00:49.019Z,26168603,0.30490000,10.25073800,buy,2021-01-19 18:00:49.019000+00:00
2021-01-19T18:00:49.001Z,26168602,0.30490000,44.57700000,buy,2021-01-19 18:00:49.001000+00:00
2021-01-19T18:00:48.978Z,26168601,0.30500000,316.17216900,sell,2021-01-19 18:00:48.978000+00:00
2021-01-19T18:00:48.93Z,26168600,0.30490000,1176.39966500,buy,2021-01-19 18:00:48.930000+00:00
2021-01-19T18:00:48.686Z,26168599,0.30500000,156.47279500,sell,2021-01-19 18:00:48.686000+00:00
2021-01-19T18:00:48.555Z,26168598,0.30490000,1388.53731000,buy,2021-01-19 18:00:48.555000+00:00
2021-01-19T18:00:48.08Z,26168597,0.30510000,13.06927600,sell,2021-01-19 18:00:48.080000+00:00
2021-01-19T18:00:47.336Z,26168596,0.30520000,3210.27475600,sell,2021-01-19 18:00:47.336000+00:00
2021-01-19T18:00:47.11Z,26168595,0.30500000,4114.11511400,buy,2021-01-19 18:00:47.110000+00:00
2021-01-19T18:00:46.888Z,26168594,0.30500000,1638.92928400,buy,2021-01-19 18:00:46.888000+00:00
2021-01-19T18:00:46.748Z,26168593,0.30520000,60.32725400,sell,2021-01-19 18:00:46.748000+00:00
2021-01-19T18:00:46.71Z,26168592,0.30520000,60.32725400,sell,2021-01-19 18:00:46.710000+00:00
2021-01-19T18:00:46.515Z,26168591,0.30500000,2262.94063100,buy,2021-01-19 18:00:46.515000+00:00
2021-01-19T18:00:46.515Z,26168590,0.30500000,3000.00000000,buy,2021-01-19 18:00:46.515000+00:00
2021-01-19T18:00:46.515Z,26168589,0.30500000,5000.00000000,buy,2021-01-19 18:00:46.515000+00:00
2021-01-19T18:00:46.515Z,26168588,0.30500000,6534.50627700,buy,2021-01-19 18:00:46.515000+00:00
2021-01-19T18:00:46.515Z,26168587,0.30500000,14.60660900,buy,2021-01-19 18:00:46.515000+00:00
2021-01-19T18:00:46.515Z,26168586,0.30500000,453.52608100,buy,2021-01-19 18:00:46.515000+00:00
2021-01-19T18:00:46.515Z,26168585,0.30510000,236.88285100,buy,2021-01-19 18:00:46.515000+00:00
2021-01-19T18:00:46.515Z,26168584,0.30510000,501.63416800,buy,2021-01-19 18:00:46.515000+00:00
2021-01-19T18:00:46.515Z,26168583,0.30510000,2012.16305800,buy,2021-01-19 18:00:46.515000+00:00
2021-01-19T18:00:46.515Z,26168582,0.30510000,2989.55911500,buy,2021-01-19 18:00:46.515000+00:00
2021-01-19T18:00:46.47Z,26168581,0.30510000,11502.90939500,buy,2021-01-19 18:00:46.470000+00:00
2021-01-19T18:00:46.181Z,26168580,0.30510000,154.32785000,buy,2021-01-19 18:00:46.181000+00:00
2021-01-19T18:00:46.06Z,26168579,0.30520000,10.00000000,sell,2021-01-19 18:00:46.060000+00:00
2021-01-19T18:00:45.901Z,26168578,0.30510000,26362.20620400,buy,2021-01-19 18:00:45.901000+00:00
2021-01-19T18:00:45.792Z,26168577,0.30520000,29.36512900,sell,2021-01-19 18:00:45.792000+00:00
2021-01-19T18:00:45.697Z,26168576,0.30520000,1605.66313500,sell,2021-01-19 18:00:45.697000+00:00
2021-01-19T18:00:45.308Z,26168575,0.30520000,13.06927600,sell,2021-01-19 18:00:45.308000+00:00
2021-01-19T18:00:45.298Z,26168574,0.30510000,2233.47510500,buy,2021-01-19 18:00:45.298000+00:00
2021-01-19T18:00:45.019Z,26168573,0.30510000,1915.86671400,buy,2021-01-19 18:00:45.019000+00:00
2021-01-19T18:00:44.741Z,26168572,0.30510000,2261.35087600,buy,2021-01-19 18:00:44.741000+00:00
2021-01-19T18:00:44.51Z,26168571,0.30510000,90.71618700,buy,2021-01-19 18:00:44.510000+00:00
2021-01-19T18:00:44.457Z,26168570,0.30510000,2669.13546000,buy,2021-01-19 18:00:44.457000+00:00
2021-01-19T18:00:43.723Z,26168569,0.30520000,963.41091700,sell,2021-01-19 18:00:43.723000+00:00
2021-01-19T18:00:43.696Z,26168568,0.30520000,13.06927600,sell,2021-01-19 18:00:43.696000+00:00
2021-01-19T18:00:43.366Z,26168567,0.30520000,6044.51983900,buy,2021-01-19 18:00:43.366000+00:00
2021-01-19T18:00:43.283Z,26168566,0.30520000,2523.41278000,buy,2021-01-19 18:00:43.283000+00:00
2021-01-19T18:00:43.228Z,26168565,0.30530000,316.17216900,sell,2021-01-19 18:00:43.228000+00:00
2021-01-19T18:00:42.797Z,26168564,0.30530000,76.62310700,sell,2021-01-19 18:00:42.797000+00:00
2021-01-19T18:00:42.156Z,26168563,0.30520000,5065.90737200,buy,2021-01-19 18:00:42.156000+00:00
2021-01-19T18:00:41.5Z,26168562,0.30530000,316.17216900,sell,2021-01-19 18:00:41.500000+00:00
2021-01-19T18:00:41.484Z,26168561,0.30530000,2500.00000000,sell,2021-01-19 18:00:41.484000+00:00
2021-01-19T18:00:41.411Z,26168560,0.30530000,50.00000000,sell,2021-01-19 18:00:41.411000+00:00
2021-01-19T18:00:40.689Z,26168559,0.30530000,123.67853300,sell,2021-01-19 18:00:40.689000+00:00
2021-01-19T18:00:40.457Z,26168558,0.30530000,204.00000000,sell,2021-01-19 18:00:40.457000+00:00
2021-01-19T18:00:40.083Z,26168557,0.30530000,60.32725400,sell,2021-01-19 18:00:40.083000+00:00
2021-01-19T18:00:39.665Z,26168556,0.30530000,60.32725400,sell,2021-01-19 18:00:39.665000+00:00
2021-01-19T18:00:38.071Z,26168555,0.30530000,1567.07455200,sell,2021-01-19 18:00:38.071000+00:00
2021-01-19T18:00:38.03Z,26168554,0.30530000,550.00000000,sell,2021-01-19 18:00:38.030000+00:00
2021-01-19T18:00:38.016Z,26168553,0.30530000,169.50947900,sell,2021-01-19 18:00:38.016000+00:00
2021-01-19T18:00:37.821Z,26168552,0.30530000,949.03797400,sell,2021-01-19 18:00:37.821000+00:00
2021-01-19T18:00:37.293Z,26168551,0.30530000,246.17717200,sell,2021-01-19 18:00:37.293000+00:00
2021-01-19T18:00:36.609Z,26168550,0.30530000,13.06927600,sell,2021-01-19 18:00:36.609000+00:00
2021-01-19T18:00:35.75Z,26168549,0.30530000,2.00000000,sell,2021-01-19 18:00:35.750000+00:00
2021-01-19T18:00:35.681Z,26168548,0.30530000,316.17216900,sell,2021-01-19 18:00:35.681000+00:00
2021-01-19T18:00:35.16Z,26168547,0.30520000,1366.16000900,buy,2021-01-19 18:00:35.160000+00:00
2021-01-19T18:00:35.16Z,26168546,0.30520000,2.00000000,buy,2021-01-19 18:00:35.160000+00:00
2021-01-19T18:00:34.913Z,26168545,0.30530000,162.99113600,sell,2021-01-19 18:00:34.913000+00:00
2021-01-19T18:00:34.821Z,26168544,0.30530000,29.36512900,sell,2021-01-19 18:00:34.821000+00:00
2021-01-19T18:00:34.41Z,26168543,0.30530000,24860.38125300,sell,2021-01-19 18:00:34.410000+00:00
2021-01-19T18:00:34.41Z,26168542,0.30530000,7165.00000000,sell,2021-01-19 18:00:34.410000+00:00
2021-01-19T18:00:34.41Z,26168541,0.30530000,84.01543100,sell,2021-01-19 18:00:34.410000+00:00
2021-01-19T18:00:33.71Z,26168540,0.30530000,48.02521000,sell,2021-01-19 18:00:33.710000+00:00
2021-01-19T18:00:33.662Z,26168539,0.30510000,328.03017900,buy,2021-01-19 18:00:33.662000+00:00
2021-01-19T18:00:33.521Z,26168538,0.30530000,718.04724800,sell,2021-01-19 18:00:33.521000+00:00
2021-01-19T18:00:33.521Z,26168537,0.30520000,2493.27902300,sell,2021-01-19 18:00:33.521000+00:00
2021-01-19T18:00:33.408Z,26168536,0.30520000,313.40187400,sell,2021-01-19 18:00:33.408000+00:00
2021-01-19T18:00:33.276Z,26168535,0.30520000,16.29585500,sell,2021-01-19 18:00:33.276000+00:00
2021-01-19T18:00:33.049Z,26168534,0.30530000,642.29964200,sell,2021-01-19 18:00:33.049000+00:00
2021-01-19T18:00:32.496Z,26168533,0.30510000,5474.18850800,buy,2021-01-19 18:00:32.496000+00:00
2021-01-19T18:00:32.311Z,26168532,0.30510000,512.53693700,buy,2021-01-19 18:00:32.311000+00:00
2021-01-19T18:00:31.418Z,26168531,0.30510000,3952.90118200,buy,2021-01-19 18:00:31.418000+00:00
2021-01-19T18:00:31.306Z,26168530,0.30530000,313.40187400,sell,2021-01-19 18:00:31.306000+00:00
2021-01-19T18:00:30.964Z,26168529,0.30530000,60.30750000,sell,2021-01-19 18:00:30.964000+00:00
2021-01-19T18:00:30.818Z,26168528,0.30530000,3000.00000000,sell,2021-01-19 18:00:30.818000+00:00
2021-01-19T18:00:30.278Z,26168527,0.30530000,980.89129700,sell,2021-01-19 18:00:30.278000+00:00
2021-01-19T18:00:30.174Z,26168526,0.30530000,376.01179800,sell,2021-01-19 18:00:30.174000+00:00
2021-01-19T18:00:30.174Z,26168525,0.30530000,623.99797600,sell,2021-01-19 18:00:30.174000+00:00
2021-01-19T18:00:29.952Z,26168524,0.30510000,4712.92077500,buy,2021-01-19 18:00:29.952000+00:00
2021-01-19T18:00:29.952Z,26168523,0.30520000,2500.00000000,buy,2021-01-19 18:00:29.952000+00:00
2021-01-19T18:00:29.546Z,26168522,0.30530000,60.32725400,sell,2021-01-19 18:00:29.546000+00:00
2021-01-19T18:00:29.247Z,26168521,0.30530000,250.98875100,sell,2021-01-19 18:00:29.247000+00:00
2021-01-19T18:00:28.748Z,26168520,0.30530000,57.06808300,sell,2021-01-19 18:00:28.748000+00:00
2021-01-19T18:00:28.507Z,26168519,0.30520000,2000.00000000,buy,2021-01-19 18:00:28.507000+00:00
2021-01-19T18:00:27.925Z,26168518,0.30530000,316.17216900,sell,2021-01-19 18:00:27.925000+00:00
2021-01-19T18:00:27.783Z,26168517,0.30530000,231.44576700,sell,2021-01-19 18:00:27.783000+00:00
2021-01-19T18:00:27.783Z,26168516,0.30530000,81.95610700,sell,2021-01-19 18:00:27.783000+00:00
2021-01-19T18:00:27.547Z,26168515,0.30530000,642.08925900,sell,2021-01-19 18:00:27.547000+00:00
2021-01-19T18:00:27.52Z,26168514,0.30530000,15.68942600,sell,2021-01-19 18:00:27.520000+00:00
2021-01-19T18:00:27.401Z,26168513,0.30530000,6422.65254100,sell,2021-01-19 18:00:27.401000+00:00
2021-01-19T18:00:26.86Z,26168512,0.30530000,76.59801900,sell,2021-01-19 18:00:26.860000+00:00
2021-01-19T18:00:26.638Z,26168511,0.30530000,631.01464800,sell,2021-01-19 18:00:26.638000+00:00
2021-01-19T18:00:26.638Z,26168510,0.30530000,1030.05439300,sell,2021-01-19 18:00:26.638000+00:00
2021-01-19T18:00:26.549Z,26168509,0.30530000,2193.61361800,sell,2021-01-19 18:00:26.549000+00:00
2021-01-19T18:00:26.549Z,26168508,0.30530000,1012.46195600,sell,2021-01-19 18:00:26.549000+00:00
2021-01-19T18:00:26.313Z,26168507,0.30530000,638.83008800,sell,2021-01-19 18:00:26.313000+00:00
2021-01-19T18:00:26.218Z,26168506,0.30510000,5249.34686700,buy,2021-01-19 18:00:26.218000+00:00
2021-01-19T18:00:26.024Z,26168505,0.30510000,15125.27298400,buy,2021-01-19 18:00:26.024000+00:00
2021-01-19T18:00:26.024Z,26168504,0.30520000,1000.00000000,buy,2021-01-19 18:00:26.024000+00:00
2021-01-19T18:00:26.024Z,26168503,0.30520000,1000.00000000,buy,2021-01-19 18:00:26.024000+00:00
2021-01-19T18:00:26.024Z,26168502,0.30520000,9121.46135200,buy,2021-01-19 18:00:26.024000+00:00
2021-01-19T18:00:25.987Z,26168501,0.30530000,7597.70795600,sell,2021-01-19 18:00:25.987000+00:00
2021-01-19T18:00:25.987Z,26168500,0.30530000,5892.18208200,sell,2021-01-19 18:00:25.987000+00:00
2021-01-19T18:00:25.765Z,26168499,0.30520000,6.58601000,buy,2021-01-19 18:00:25.765000+00:00
2021-01-19T18:00:25.621Z,26168498,0.30530000,400.00000000,sell,2021-01-19 18:00:25.621000+00:00
2021-01-19T18:00:25.084Z,26168497,0.30530000,315.65521000,sell,2021-01-19 18:00:25.084000+00:00
2021-01-19T18:00:25.002Z,26168496,0.30530000,3.29176200,sell,2021-01-19 18:00:25.002000+00:00
2021-01-19T18:00:24.827Z,26168495,0.30530000,29.36512900,sell,2021-01-19 18:00:24.827000+00:00
2021-01-19T18:00:24.213Z,26168494,0.30520000,1.03091800,buy,2021-01-19 18:00:24.213000+00:00
2021-01-19T18:00:24.014Z,26168493,0.30520000,5.15459400,buy,2021-01-19 18:00:24.014000+00:00
2021-01-19T18:00:23.942Z,26168492,0.30520000,667.74438400,buy,2021-01-19 18:00:23.942000+00:00
2021-01-19T18:00:23.801Z,26168491,0.30520000,25.77296800,buy,2021-01-19 18:00:23.801000+00:00
2021-01-19T18:00:23.697Z,26168490,0.30530000,384.61475800,sell,2021-01-19 18:00:23.697000+00:00
2021-01-19T18:00:23.634Z,26168489,0.30530000,123.88108600,sell,2021-01-19 18:00:23.634000+00:00
2021-01-19T18:00:23.609Z,26168488,0.30530000,3.79000000,sell,2021-01-19 18:00:23.609000+00:00
2021-01-19T18:00:23.6Z,26168487,0.30520000,34.63509500,buy,2021-01-19 18:00:23.600000+00:00
2021-01-19T18:00:23.6Z,26168486,0.30520000,94.22974300,buy,2021-01-19 18:00:23.600000+00:00
2021-01-19T18:00:23.401Z,26168485,0.30520000,644.32419400,buy,2021-01-19 18:00:23.401000+00:00
2021-01-19T18:00:23.179Z,26168484,0.30520000,3221.62096900,buy,2021-01-19 18:00:23.179000+00:00
2021-01-19T18:00:22.896Z,26168483,0.30530000,479.13071400,sell,2021-01-19 18:00:22.896000+00:00
2021-01-19T18:00:22.83Z,26168482,0.30530000,642.08925900,sell,2021-01-19 18:00:22.830000+00:00
2021-01-19T18:00:22.753Z,26168481,0.30520000,16108.10484200,buy,2021-01-19 18:00:22.753000+00:00
2021-01-19T18:00:22.529Z,26168480,0.30520000,540.52421100,buy,2021-01-19 18:00:22.529000+00:00
2021-01-19T18:00:22.34Z,26168479,0.30520000,33.66304900,buy,2021-01-19 18:00:22.340000+00:00
2021-01-19T18:00:22.321Z,26168478,0.30520000,2702.62105600,buy,2021-01-19 18:00:22.321000+00:00
2021-01-19T18:00:22.238Z,26168477,0.30540000,29.36512900,sell,2021-01-19 18:00:22.238000+00:00
2021-01-19T18:00:22.115Z,26168476,0.30520000,389.21167600,buy,2021-01-19 18:00:22.115000+00:00
2021-01-19T18:00:21.92Z,26168475,0.30540000,316.17216900,sell,2021-01-19 18:00:21.920000+00:00
2021-01-19T18:00:21.917Z,26168474,0.30520000,5000.00000000,buy,2021-01-19 18:00:21.917000+00:00
2021-01-19T18:00:21.812Z,26168473,0.30540000,3211.32627100,sell,2021-01-19 18:00:21.812000+00:00
2021-01-19T18:00:21.032Z,26168472,0.30540000,319.65948200,sell,2021-01-19 18:00:21.032000+00:00
2021-01-19T18:00:20.634Z,26168471,0.30540000,9899.59222100,sell,2021-01-19 18:00:20.634000+00:00
2021-01-19T18:00:20.634Z,26168470,0.30530000,1885.00000000,sell,2021-01-19 18:00:20.634000+00:00
2021-01-19T18:00:20.634Z,26168469,0.30530000,2104.39715900,sell,2021-01-19 18:00:20.634000+00:00
2021-01-19T18:00:20.492Z,26168468,0.30530000,5138.11551400,sell,2021-01-19 18:00:20.492000+00:00
2021-01-19T18:00:20.083Z,26168467,0.30530000,868.48732700,sell,2021-01-19 18:00:20.083000+00:00
2021-01-19T18:00:20.083Z,26168466,0.30530000,8765.49148500,sell,2021-01-19 18:00:20.083000+00:00
2021-01-19T18:00:18.774Z,26168465,0.30530000,29.36512900,sell,2021-01-19 18:00:18.774000+00:00
2021-01-19T18:00:18.391Z,26168464,0.30530000,851.01605900,sell,2021-01-19 18:00:18.391000+00:00
2021-01-19T18:00:17.808Z,26168463,0.30520000,4165.98327000,buy,2021-01-19 18:00:17.808000+00:00
2021-01-19T18:00:17.406Z,26168462,0.30520000,983.76250600,buy,2021-01-19 18:00:17.406000+00:00
2021-01-19T18:00:17.372Z,26168461,0.30530000,13.06927600,sell,2021-01-19 18:00:17.372000+00:00
2021-01-19T18:00:17.29Z,26168460,0.30530000,60.32725400,sell,2021-01-19 18:00:17.290000+00:00
2021-01-19T18:00:16.941Z,26168459,0.30530000,44.03139900,sell,2021-01-19 18:00:16.941000+00:00
2021-01-19T18:00:16.898Z,26168458,0.30530000,231.43372500,sell,2021-01-19 18:00:16.898000+00:00
2021-01-19T18:00:16.357Z,26168457,0.30530000,77.94946100,sell,2021-01-19 18:00:16.357000+00:00
2021-01-19T18:00:16.247Z,26168456,0.30530000,316.17216900,sell,2021-01-19 18:00:16.247000+00:00
2021-01-19T18:00:16.203Z,26168455,0.30530000,2875.35757000,sell,2021-01-19 18:00:16.203000+00:00
2021-01-19T18:00:14.46Z,26168454,0.30530000,256.14734700,sell,2021-01-19 18:00:14.460000+00:00
2021-01-19T18:00:13.807Z,26168453,0.30530000,316.18611400,sell,2021-01-19 18:00:13.807000+00:00
2021-01-19T18:00:13.779Z,26168452,0.30520000,188.17318100,buy,2021-01-19 18:00:13.779000+00:00
2021-01-19T18:00:13.503Z,26168451,0.30530000,290.79797100,sell,2021-01-19 18:00:13.503000+00:00
2021-01-19T18:00:13.489Z,26168450,0.30530000,321.12419700,sell,2021-01-19 18:00:13.489000+00:00
2021-01-19T18:00:13.481Z,26168449,0.30520000,555.62926300,buy,2021-01-19 18:00:13.481000+00:00
2021-01-19T18:00:13.38Z,26168448,0.30530000,14.69886100,sell,2021-01-19 18:00:13.380000+00:00
2021-01-19T18:00:13.152Z,26168447,0.30530000,156.26805500,sell,2021-01-19 18:00:13.152000+00:00
2021-01-19T18:00:12.979Z,26168446,0.30520000,4312.15204000,buy,2021-01-19 18:00:12.979000+00:00
2021-01-19T18:00:12.979Z,26168445,0.30520000,1625.00000000,buy,2021-01-19 18:00:12.979000+00:00
2021-01-19T18:00:12.979Z,26168444,0.30520000,50.00000000,buy,2021-01-19 18:00:12.979000+00:00
2021-01-19T18:00:12.979Z,26168443,0.30520000,10000.00000000,buy,2021-01-19 18:00:12.979000+00:00
2021-01-19T18:00:12.883Z,26168442,0.30530000,76.63705300,sell,2021-01-19 18:00:12.883000+00:00
2021-01-19T18:00:12.7Z,26168441,0.30530000,73.41762800,sell,2021-01-19 18:00:12.700000+00:00
2021-01-19T18:00:12.568Z,26168440,0.30530000,22.84678800,sell,2021-01-19 18:00:12.568000+00:00
2021-01-19T18:00:12.406Z,26168439,0.30530000,642.29964200,sell,2021-01-19 18:00:12.406000+00:00
2021-01-19T18:00:12.03Z,26168438,0.30530000,963.42486300,sell,2021-01-19 18:00:12.030000+00:00
2021-01-19T18:00:11.565Z,26168437,0.30540000,2088.40705900,sell,2021-01-19 18:00:11.565000+00:00
2021-01-19T18:00:11.565Z,26168436,0.30540000,6211.59294100,sell,2021-01-19 18:00:11.565000+00:00
2021-01-19T18:00:11.112Z,26168435,0.30540000,14.92532000,sell,2021-01-19 18:00:11.112000+00:00
2021-01-19T18:00:10.801Z,26168434,0.30540000,1855.48173900,sell,2021-01-19 18:00:10.801000+00:00
2021-01-19T18:00:10.801Z,26168433,0.30540000,4319.06402800,sell,2021-01-19 18:00:10.801000+00:00
2021-01-19T18:00:10.801Z,26168432,0.30530000,6670.75931600,sell,2021-01-19 18:00:10.801000+00:00
2021-01-19T18:00:10.686Z,26168431,0.30530000,186.18712500,sell,2021-01-19 18:00:10.686000+00:00
2021-01-19T18:00:10.515Z,26168430,0.30530000,313.40187400,sell,2021-01-19 18:00:10.515000+00:00
2021-01-19T18:00:10.271Z,26168429,0.30530000,143.74807000,sell,2021-01-19 18:00:10.271000+00:00
2021-01-19T18:00:10.096Z,26168428,0.30530000,56.39392000,sell,2021-01-19 18:00:10.096000+00:00
2021-01-19T18:00:09.492Z,26168427,0.30530000,1.42372600,sell,2021-01-19 18:00:09.492000+00:00
2021-01-19T18:00:09.359Z,26168426,0.30530000,641.87901400,sell,2021-01-19 18:00:09.359000+00:00
2021-01-19T18:00:09.308Z,26168425,0.30530000,5077.47668600,sell,2021-01-19 18:00:09.308000+00:00
2021-01-19T18:00:09.266Z,26168424,0.30530000,29.37475100,sell,2021-01-19 18:00:09.266000+00:00
2021-01-19T18:00:09.064Z,26168423,0.30530000,313.40187400,sell,2021-01-19 18:00:09.064000+00:00
2021-01-19T18:00:08.931Z,26168422,0.30530000,1252.81195600,sell,2021-01-19 18:00:08.931000+00:00
2021-01-19T18:00:08.894Z,26168421,0.30530000,156.21695300,sell,2021-01-19 18:00:08.894000+00:00
2021-01-19T18:00:08.823Z,26168420,0.30530000,29.37475100,sell,2021-01-19 18:00:08.823000+00:00
2021-01-19T18:00:08.485Z,26168419,0.30530000,1525.61203000,sell,2021-01-19 18:00:08.485000+00:00
2021-01-19T18:00:08.485Z,26168418,0.30530000,1674.38797000,sell,2021-01-19 18:00:08.485000+00:00
2021-01-19T18:00:08.139Z,26168417,0.30530000,465.00000000,sell,2021-01-19 18:00:08.139000+00:00
2021-01-19T18:00:07.898Z,26168416,0.30530000,156.21695300,sell,2021-01-19 18:00:07.898000+00:00
2021-01-19T18:00:07.831Z,26168415,0.30530000,646.80059400,sell,2021-01-19 18:00:07.831000+00:00
2021-01-19T18:00:07.75Z,26168414,0.30530000,5908.85819400,sell,2021-01-19 18:00:07.750000+00:00
2021-01-19T18:00:07.517Z,26168413,0.30530000,39.23751700,sell,2021-01-19 18:00:07.517000+00:00
2021-01-19T18:00:06.82Z,26168412,0.30530000,25.00000000,sell,2021-01-19 18:00:06.820000+00:00
2021-01-19T18:00:06.812Z,26168411,0.30530000,801.78108500,sell,2021-01-19 18:00:06.812000+00:00
2021-01-19T18:00:06.233Z,26168410,0.30530000,38.45686200,sell,2021-01-19 18:00:06.233000+00:00
2021-01-19T18:00:06.041Z,26168409,0.30530000,5124.97332800,sell,2021-01-19 18:00:06.041000+00:00
2021-01-19T18:00:05.355Z,26168408,0.30530000,70.80351100,sell,2021-01-19 18:00:05.355000+00:00
2021-01-19T18:00:05.234Z,26168407,0.30510000,3548.38187000,buy,2021-01-19 18:00:05.234000+00:00
2021-01-19T18:00:05.115Z,26168406,0.30530000,316.27576400,sell,2021-01-19 18:00:05.115000+00:00
2021-01-19T18:00:04.968Z,26168405,0.30510000,803.36599500,buy,2021-01-19 18:00:04.968000+00:00
2021-01-19T18:00:04.934Z,26168404,0.30530000,200.00000000,sell,2021-01-19 18:00:04.934000+00:00
2021-01-19T18:00:04.855Z,26168403,0.30530000,1606.18923700,sell,2021-01-19 18:00:04.855000+00:00
2021-01-19T18:00:04.832Z,26168402,0.30530000,3.29284100,sell,2021-01-19 18:00:04.832000+00:00
2021-01-19T18:00:04.782Z,26168401,0.30530000,1500.00000000,sell,2021-01-19 18:00:04.782000+00:00
2021-01-19T18:00:04.679Z,26168400,0.30530000,2516.47614400,sell,2021-01-19 18:00:04.679000+00:00
2021-01-19T18:00:04.679Z,26168399,0.30530000,7104.89687300,sell,2021-01-19 18:00:04.679000+00:00
2021-01-19T18:00:04.466Z,26168398,0.30510000,1493.03334600,buy,2021-01-19 18:00:04.466000+00:00
2021-01-19T18:00:04.466Z,26168397,0.30520000,154.00881400,buy,2021-01-19 18:00:04.466000+00:00
2021-01-19T18:00:03.968Z,26168396,0.30530000,1927.42056400,sell,2021-01-19 18:00:03.968000+00:00
2021-01-19T18:00:03.673Z,26168395,0.30520000,45.99118600,buy,2021-01-19 18:00:03.673000+00:00
2021-01-19T18:00:03.673Z,26168394,0.30520000,29.77275400,buy,2021-01-19 18:00:03.673000+00:00
2021-01-19T18:00:03.604Z,26168393,0.30530000,156.48674000,sell,2021-01-19 18:00:03.604000+00:00
2021-01-19T18:00:03.348Z,26168392,0.30520000,550.40233600,buy,2021-01-19 18:00:03.348000+00:00
2021-01-19T18:00:02.584Z,26168391,0.30530000,466.29597900,sell,2021-01-19 18:00:02.584000+00:00
2021-01-19T18:00:02.57Z,26168390,0.30530000,418.04420100,sell,2021-01-19 18:00:02.570000+00:00
2021-01-19T18:00:02.41Z,26168389,0.30530000,315.75846700,sell,2021-01-19 18:00:02.410000+00:00
2021-01-19T18:00:02.142Z,26168388,0.30530000,1457.39705400,sell,2021-01-19 18:00:02.142000+00:00
2021-01-19T18:00:01.558Z,26168387,0.30530000,642.29964200,sell,2021-01-19 18:00:01.558000+00:00
2021-01-19T18:00:01.514Z,26168386,0.30520000,1067.58502000,buy,2021-01-19 18:00:01.514000+00:00
2021-01-19T18:00:01.217Z,26168385,0.30520000,700.00000000,buy,2021-01-19 18:00:01.217000+00:00
2021-01-19T18:00:00.433Z,26168384,0.30530000,642.29964200,sell,2021-01-19 18:00:00.433000+00:00
2021-01-19T18:00:00.336Z,26168383,0.30530000,64.24719600,sell,2021-01-19 18:00:00.336000+00:00
2021-01-19T18:00:00.328Z,26168382,0.30530000,906.39583200,sell,2021-01-19 18:00:00.328000+00:00
2021-01-19T18:00:00.071Z,26168381,0.30530000,29.32670600,sell,2021-01-19 18:00:00.071000+00:00
2021-01-19T17:59:59.159Z,26168380,0.30530000,397.00126000,sell,2021-01-19 17:59:59.159000+00:00
2021-01-19T17:59:59.117Z,26168379,0.30530000,91.31928900,sell,2021-01-19 17:59:59.117000+00:00
2021-01-19T17:59:58.585Z,26168378,0.30530000,6416.34758100,sell,2021-01-19 17:59:58.585000+00:00
2021-01-19T17:59:58.445Z,26168377,0.30530000,58.21297400,sell,2021-01-19 17:59:58.445000+00:00
2021-01-19T17:59:58.445Z,26168376,0.30520000,42.78702600,sell,2021-01-19 17:59:58.445000+00:00
2021-01-19T17:59:57.936Z,26168375,0.30520000,1603.03778700,sell,2021-01-19 17:59:57.936000+00:00
2021-01-19T17:59:57.171Z,26168374,0.30520000,3203.46516100,sell,2021-01-19 17:59:57.171000+00:00
2021-01-19T17:59:56.973Z,26168373,0.30520000,20.00000000,sell,2021-01-19 17:59:56.973000+00:00
2021-01-19T17:59:56.815Z,26168372,0.30520000,156.21695300,sell,2021-01-19 17:59:56.815000+00:00
2021-01-19T17:59:56.774Z,26168371,0.30520000,397.13112500,sell,2021-01-19 17:59:56.774000+00:00
2021-01-19T17:59:56.34Z,26168370,0.30520000,22.81689400,sell,2021-01-19 17:59:56.340000+00:00
2021-01-19T17:59:56.074Z,26168369,0.30520000,3773.70568800,sell,2021-01-19 17:59:56.074000+00:00
2021-01-19T17:59:55.819Z,26168368,0.30520000,325.00000000,sell,2021-01-19 17:59:55.819000+00:00
2021-01-19T17:59:55.499Z,26168367,0.30510000,16.99881300,buy,2021-01-19 17:59:55.499000+00:00
2021-01-19T17:59:55.451Z,26168366,0.30520000,1498.63056100,sell,2021-01-19 17:59:55.451000+00:00
2021-01-19T17:59:55.369Z,26168365,0.30520000,13.05217400,sell,2021-01-19 17:59:55.369000+00:00
2021-01-19T17:59:55.075Z,26168364,0.30520000,479.85090600,sell,2021-01-19 17:59:55.075000+00:00
2021-01-19T17:59:54.452Z,26168363,0.30510000,34524.50681400,buy,2021-01-19 17:59:54.452000+00:00
2021-01-19T17:59:54.452Z,26168362,0.30510000,175.77992600,buy,2021-01-19 17:59:54.452000+00:00
2021-01-19T17:59:54.435Z,26168361,0.30520000,123.00000000,sell,2021-01-19 17:59:54.435000+00:00
2021-01-19T17:59:54.428Z,26168360,0.30520000,60.24831600,sell,2021-01-19 17:59:54.428000+00:00
2021-01-19T17:59:53.997Z,26168359,0.30520000,3931.91010200,sell,2021-01-19 17:59:53.997000+00:00
2021-01-19T17:59:53.737Z,26168358,0.30520000,651.19429100,sell,2021-01-19 17:59:53.737000+00:00
2021-01-19T17:59:53.419Z,26168357,0.30520000,301.95634300,sell,2021-01-19 17:59:53.419000+00:00
2021-01-19T17:59:53.1Z,26168356,0.30520000,219.27982300,sell,2021-01-19 17:59:53.100000+00:00
2021-01-19T17:59:53.018Z,26168355,0.30520000,2000.00000000,sell,2021-01-19 17:59:53.018000+00:00
2021-01-19T17:59:52.85Z,26168354,0.30520000,161.93159200,sell,2021-01-19 17:59:52.850000+00:00
2021-01-19T17:59:52.736Z,26168353,0.30520000,315.86179000,sell,2021-01-19 17:59:52.736000+00:00
2021-01-19T17:59:52.365Z,26168352,0.30520000,312.99179600,sell,2021-01-19 17:59:52.365000+00:00
2021-01-19T17:59:52.286Z,26168351,0.30520000,5233.92099200,sell,2021-01-19 17:59:52.286000+00:00
2021-01-19T17:59:52.028Z,26168350,0.30520000,6414.24867800,sell,2021-01-19 17:59:52.028000+00:00
2021-01-19T17:59:51.869Z,26168349,0.30520000,107.47961800,sell,2021-01-19 17:59:51.869000+00:00
2021-01-19T17:59:51.861Z,26168348,0.30520000,34.53529100,sell,2021-01-19 17:59:51.861000+00:00
2021-01-19T17:59:51.686Z,26168347,0.30520000,782.51203900,sell,2021-01-19 17:59:51.686000+00:00
2021-01-19T17:59:51.337Z,26168346,0.30520000,29.32670600,sell,2021-01-19 17:59:51.337000+00:00
2021-01-19T17:59:51.125Z,26168345,0.30510000,174.22007400,buy,2021-01-19 17:59:51.125000+00:00
2021-01-19T17:59:50.832Z,26168344,0.30520000,1632.04887500,sell,2021-01-19 17:59:50.832000+00:00
2021-01-19T17:59:50.807Z,26168343,0.30520000,8000.00000000,sell,2021-01-19 17:59:50.807000+00:00
2021-01-19T17:59:50.784Z,26168342,0.30520000,812.00000000,buy,2021-01-19 17:59:50.784000+00:00
2021-01-19T17:59:50.784Z,26168341,0.30520000,2597.00000000,buy,2021-01-19 17:59:50.784000+00:00
2021-01-19T17:59:50.784Z,26168340,0.30520000,5712.00000000,buy,2021-01-19 17:59:50.784000+00:00
2021-01-19T17:59:50.784Z,26168339,0.30520000,118918.37780300,buy,2021-01-19 17:59:50.784000+00:00
2021-01-19T17:59:50.784Z,26168338,0.30530000,3883.89019700,buy,2021-01-19 17:59:50.784000+00:00
2021-01-19T17:59:50.784Z,26168337,0.30530000,3042.00000000,buy,2021-01-19 17:59:50.784000+00:00
2021-01-19T17:59:50.784Z,26168336,0.30530000,7945.00000000,buy,2021-01-19 17:59:50.784000+00:00
2021-01-19T17:59:50.784Z,26168335,0.30530000,8094.00000000,buy,2021-01-19 17:59:50.784000+00:00
2021-01-19T17:59:50.784Z,26168334,0.30540000,7901.00000000,buy,2021-01-19 17:59:50.784000+00:00
2021-01-19T17:59:50.784Z,26168333,0.30540000,9226.00000000,buy,2021-01-19 17:59:50.784000+00:00
2021-01-19T17:59:50.784Z,26168332,0.30540000,21093.75000000,buy,2021-01-19 17:59:50.784000+00:00
2021-01-19T17:59:50.784Z,26168331,0.30540000,9897.77976600,buy,2021-01-19 17:59:50.784000+00:00
2021-01-19T17:59:50.776Z,26168330,0.30580000,786.27462000,sell,2021-01-19 17:59:50.776000+00:00
2021-01-19T17:59:50.776Z,26168329,0.30580000,5627.97405800,sell,2021-01-19 17:59:50.776000+00:00
2021-01-19T17:59:50.685Z,26168328,0.30540000,7466.13785300,buy,2021-01-19 17:59:50.685000+00:00
2021-01-19T17:59:50.685Z,26168327,0.30550000,9.75000000,buy,2021-01-19 17:59:50.685000+00:00
2021-01-19T17:59:50.569Z,26168326,0.30580000,30.00000000,sell,2021-01-19 17:59:50.569000+00:00
2021-01-19T17:59:50.253Z,26168325,0.30580000,29.31711600,sell,2021-01-19 17:59:50.253000+00:00
2021-01-19T17:59:50.076Z,26168324,0.30580000,2102.70882600,sell,2021-01-19 17:59:50.076000+00:00
2021-01-19T17:59:50.076Z,26168323,0.30580000,2707.97768200,sell,2021-01-19 17:59:50.076000+00:00
2021-01-19T17:59:49.833Z,26168322,0.30540000,1585.06221400,buy,2021-01-19 17:59:49.833000+00:00
2021-01-19T17:59:49.523Z,26168321,0.30580000,334.02231800,sell,2021-01-19 17:59:49.523000+00:00
2021-01-19T17:59:49.523Z,26168320,0.30580000,4717.20177100,sell,2021-01-19 17:59:49.523000+00:00
2021-01-19T17:59:49.511Z,26168319,0.30580000,478.50378500,sell,2021-01-19 17:59:49.511000+00:00
2021-01-19T17:59:49.418Z,26168318,0.30540000,2144.77016700,buy,2021-01-19 17:59:49.418000+00:00
2021-01-19T17:59:49.418Z,26168317,0.30540000,63.29345200,buy,2021-01-19 17:59:49.418000+00:00
2021-01-19T17:59:49.418Z,26168316,0.30540000,6597.79441300,buy,2021-01-19 17:59:49.418000+00:00
2021-01-19T17:59:49.406Z,26168315,0.30580000,511.92149900,sell,2021-01-19 17:59:49.406000+00:00
2021-01-19T17:59:49.359Z,26168314,0.30580000,80.00000000,sell,2021-01-19 17:59:49.359000+00:00
2021-01-19T17:59:49.31Z,26168313,0.30540000,690.00000000,buy,2021-01-19 17:59:49.310000+00:00
2021-01-19T17:59:48.865Z,26168312,0.30540000,328.03017900,buy,2021-01-19 17:59:48.865000+00:00
2021-01-19T17:59:48.61Z,26168311,0.30580000,191.68385900,sell,2021-01-19 17:59:48.610000+00:00
2021-01-19T17:59:48.549Z,26168310,0.30580000,1823.35285400,sell,2021-01-19 17:59:48.549000+00:00
2021-01-19T17:59:48.549Z,26168309,0.30570000,9564.91126800,sell,2021-01-19 17:59:48.549000+00:00
2021-01-19T17:59:48.397Z,26168308,0.30570000,315.75846700,sell,2021-01-19 17:59:48.397000+00:00
2021-01-19T17:59:48.173Z,26168307,0.30570000,3000.00000000,sell,2021-01-19 17:59:48.173000+00:00
2021-01-19T17:59:48.036Z,26168306,0.30570000,156.26431100,sell,2021-01-19 17:59:48.036000+00:00
2021-01-19T17:59:47.679Z,26168305,0.30570000,169.28768000,sell,2021-01-19 17:59:47.679000+00:00
2021-01-19T17:59:47.303Z,26168304,0.30570000,1095.50383500,sell,2021-01-19 17:59:47.303000+00:00
2021-01-19T17:59:47.104Z,26168303,0.30570000,14.95400700,sell,2021-01-19 17:59:47.104000+00:00
2021-01-19T17:59:47.053Z,26168302,0.30540000,225.17540800,buy,2021-01-19 17:59:47.053000+00:00
2021-01-19T17:59:47.053Z,26168301,0.30550000,577.40608800,buy,2021-01-19 17:59:47.053000+00:00
2021-01-19T17:59:46.613Z,26168300,0.30550000,105.64847800,buy,2021-01-19 17:59:46.613000+00:00
2021-01-19T17:59:46.583Z,26168299,0.30550000,105.64847800,buy,2021-01-19 17:59:46.583000+00:00
2021-01-19T17:59:46.557Z,26168298,0.30550000,105.64847800,buy,2021-01-19 17:59:46.557000+00:00
2021-01-19T17:59:46.511Z,26168297,0.30550000,105.64847800,buy,2021-01-19 17:59:46.511000+00:00
2021-01-19T17:59:46.41Z,26168296,0.30570000,156.26805500,sell,2021-01-19 17:59:46.410000+00:00
2021-01-19T17:59:46.206Z,26168295,0.30570000,2.48738500,sell,2021-01-19 17:59:46.206000+00:00
2021-01-19T17:59:46.173Z,26168294,0.30550000,12573.15558400,buy,2021-01-19 17:59:46.173000+00:00
2021-01-19T17:59:46.173Z,26168293,0.30550000,9619.48499300,buy,2021-01-19 17:59:46.173000+00:00
2021-01-19T17:59:46.173Z,26168292,0.30560000,769.47193700,buy,2021-01-19 17:59:46.173000+00:00
2021-01-19T17:59:46.008Z,26168291,0.30570000,1910.03209200,sell,2021-01-19 17:59:46.008000+00:00
2021-01-19T17:59:45.911Z,26168290,0.30580000,13.05217400,sell,2021-01-19 17:59:45.911000+00:00
2021-01-19T17:59:45.89Z,26168289,0.30580000,29.32670600,sell,2021-01-19 17:59:45.890000+00:00
2021-01-19T17:59:45.888Z,26168288,0.30580000,280.00000000,sell,2021-01-19 17:59:45.888000+00:00
2021-01-19T17:59:45.531Z,26168287,0.30580000,641.45893500,sell,2021-01-19 17:59:45.531000+00:00
2021-01-19T17:59:44.865Z,26168286,0.30560000,921.97078300,buy,2021-01-19 17:59:44.865000+00:00
2021-01-19T17:59:44.82Z,26168285,0.30580000,4020.00000000,sell,2021-01-19 17:59:44.820000+00:00
2021-01-19T17:59:44.795Z,26168284,0.30580000,7686.98028300,sell,2021-01-19 17:59:44.795000+00:00
2021-01-19T17:59:44.795Z,26168283,0.30570000,200.00000000,sell,2021-01-19 17:59:44.795000+00:00
2021-01-19T17:59:44.795Z,26168282,0.30570000,8130.86346000,sell,2021-01-19 17:59:44.795000+00:00
2021-01-19T17:59:44.572Z,26168281,0.30570000,325.59714500,sell,2021-01-19 17:59:44.572000+00:00
2021-01-19T17:59:44.479Z,26168280,0.30570000,466.62852500,sell,2021-01-19 17:59:44.479000+00:00
2021-01-19T17:59:44.053Z,26168279,0.30560000,165.35172500,buy,2021-01-19 17:59:44.053000+00:00
2021-01-19T17:59:43.745Z,26168278,0.30570000,315.75846700,sell,2021-01-19 17:59:43.745000+00:00
2021-01-19T17:59:43.678Z,26168277,0.30570000,10.15240300,sell,2021-01-19 17:59:43.678000+00:00
2021-01-19T17:59:43.678Z,26168276,0.30570000,81.04735700,sell,2021-01-19 17:59:43.678000+00:00
2021-01-19T17:59:43.509Z,26168275,0.30570000,156.26805500,sell,2021-01-19 17:59:43.509000+00:00
2021-01-19T17:59:43.439Z,26168274,0.30570000,76.52284900,sell,2021-01-19 17:59:43.439000+00:00
2021-01-19T17:59:43.427Z,26168273,0.30570000,110.69936500,sell,2021-01-19 17:59:43.427000+00:00
2021-01-19T17:59:43.416Z,26168272,0.30570000,1604.08689600,sell,2021-01-19 17:59:43.416000+00:00
2021-01-19T17:59:43.262Z,26168271,0.30570000,10259.42882100,sell,2021-01-19 17:59:43.262000+00:00
2021-01-19T17:59:43.071Z,26168270,0.30570000,200.00000000,sell,2021-01-19 17:59:43.071000+00:00
2021-01-19T17:59:42.744Z,26168269,0.30570000,266.93487100,sell,2021-01-19 17:59:42.744000+00:00
2021-01-19T17:59:42.714Z,26168268,0.30570000,2500.00000000,sell,2021-01-19 17:59:42.714000+00:00
2021-01-19T17:59:42.532Z,26168267,0.30570000,348.30753000,sell,2021-01-19 17:59:42.532000+00:00
2021-01-19T17:59:41.755Z,26168266,0.30570000,65.98452700,sell,2021-01-19 17:59:41.755000+00:00
2021-01-19T17:59:41.629Z,26168265,0.30570000,641.24910200,sell,2021-01-19 17:59:41.629000+00:00
2021-01-19T17:59:40.756Z,26168264,0.30570000,76.52284900,sell,2021-01-19 17:59:40.756000+00:00
2021-01-19T17:59:40.73Z,26168263,0.30550000,380.51500700,buy,2021-01-19 17:59:40.730000+00:00
2021-01-19T17:59:40.508Z,26168262,0.30570000,315.75846700,sell,2021-01-19 17:59:40.508000+00:00
2021-01-19T17:59:40.385Z,26168261,0.30570000,33.74595200,sell,2021-01-19 17:59:40.385000+00:00
2021-01-19T17:59:40.372Z,26168260,0.30570000,625.81142700,sell,2021-01-19 17:59:40.372000+00:00
2021-01-19T17:59:40.36Z,26168259,0.30570000,148.09546500,sell,2021-01-19 17:59:40.360000+00:00
2021-01-19T17:59:40.092Z,26168258,0.30570000,1603.03778700,sell,2021-01-19 17:59:40.092000+00:00
2021-01-19T17:59:40.026Z,26168257,0.30570000,906.15786800,sell,2021-01-19 17:59:40.026000+00:00
2021-01-19T17:59:39.754Z,26168256,0.30570000,6.54450200,sell,2021-01-19 17:59:39.754000+00:00
2021-01-19T17:59:39.586Z,26168255,0.30520000,11556.39682600,buy,2021-01-19 17:59:39.586000+00:00
2021-01-19T17:59:39.586Z,26168254,0.30520000,2015.00000000,buy,2021-01-19 17:59:39.586000+00:00
2021-01-19T17:59:39.586Z,26168253,0.30520000,5981.00000000,buy,2021-01-19 17:59:39.586000+00:00
2021-01-19T17:59:39.586Z,26168252,0.30530000,7767.78039300,buy,2021-01-19 17:59:39.586000+00:00
2021-01-19T17:59:39.586Z,26168251,0.30530000,325.91709000,buy,2021-01-19 17:59:39.586000+00:00
2021-01-19T17:59:39.586Z,26168250,0.30530000,21093.75000000,buy,2021-01-19 17:59:39.586000+00:00
2021-01-19T17:59:39.586Z,26168249,0.30530000,7632.00000000,buy,2021-01-19 17:59:39.586000+00:00
2021-01-19T17:59:39.586Z,26168248,0.30530000,3271.00000000,buy,2021-01-19 17:59:39.586000+00:00
2021-01-19T17:59:39.586Z,26168247,0.30530000,678.52981500,buy,2021-01-19 17:59:39.586000+00:00
2021-01-19T17:59:39.586Z,26168246,0.30540000,3908.00000000,buy,2021-01-19 17:59:39.586000+00:00
2021-01-19T17:59:39.586Z,26168245,0.30540000,100.00000000,buy,2021-01-19 17:59:39.586000+00:00
2021-01-19T17:59:39.586Z,26168244,0.30540000,21093.75000000,buy,2021-01-19 17:59:39.586000+00:00
2021-01-19T17:59:39.586Z,26168243,0.30540000,3494.91314500,buy,2021-01-19 17:59:39.586000+00:00
2021-01-19T17:59:39.586Z,26168242,0.30550000,772.48706700,buy,2021-01-19 17:59:39.586000+00:00
2021-01-19T17:59:39.586Z,26168241,0.30550000,32.47566400,buy,2021-01-19 17:59:39.586000+00:00
2021-01-19T17:59:39.524Z,26168240,0.30570000,38.07025100,sell,2021-01-19 17:59:39.524000+00:00
2021-01-19T17:59:39.484Z,26168239,0.30570000,169.23232100,sell,2021-01-19 17:59:39.484000+00:00
2021-01-19T17:59:39.251Z,26168238,0.30570000,1000.62331400,sell,2021-01-19 17:59:39.251000+00:00
2021-01-19T17:59:39.068Z,26168237,0.30550000,445.77000000,buy,2021-01-19 17:59:39.068000+00:00
2021-01-19T17:59:38.986Z,26168236,0.30550000,172.73560900,buy,2021-01-19 17:59:38.986000+00:00
2021-01-19T17:59:38.986Z,26168235,0.30550000,250.00000000,buy,2021-01-19 17:59:38.986000+00:00
2021-01-19T17:59:38.806Z,26168234,0.30570000,312.99179600,sell,2021-01-19 17:59:38.806000+00:00
2021-01-19T17:59:38.1Z,26168233,0.30540000,328.86947800,buy,2021-01-19 17:59:38.100000+00:00
2021-01-19T17:59:37.938Z,26168232,0.30570000,315.86179000,sell,2021-01-19 17:59:37.938000+00:00
2021-01-19T17:59:37.865Z,26168231,0.30570000,156.31918900,sell,2021-01-19 17:59:37.865000+00:00
