time,trade_id,price,size,side,date
2022-05-12T21:46:20.783689Z,70458311,0.45710000,78.55000000,sell,2022-05-12 21:46:20.783689+00:00
2022-05-12T21:46:20.783689Z,70458310,0.45710000,457.43000000,sell,2022-05-12 21:46:20.783689+00:00
2022-05-12T21:46:19.65766Z,70458309,0.45700000,320.73000000,sell,2022-05-12 21:46:19.657660+00:00
2022-05-12T21:46:19.354971Z,70458308,0.45710000,100.90000000,sell,2022-05-12 21:46:19.354971+00:00
2022-05-12T21:46:19.354971Z,70458307,0.45710000,109.45000000,sell,2022-05-12 21:46:19.354971+00:00
2022-05-12T21:46:19.334851Z,70458306,0.45690000,1284.00000000,sell,2022-05-12 21:46:19.334851+00:00
2022-05-12T21:46:19.14515Z,70458305,0.45670000,43.51000000,buy,2022-05-12 21:46:19.145150+00:00
2022-05-12T21:46:18.749053Z,70458304,0.45710000,62.39000000,sell,2022-05-12 21:46:18.749053+00:00
2022-05-12T21:46:18.421094Z,70458303,0.45690000,109.42000000,sell,2022-05-12 21:46:18.421094+00:00
2022-05-12T21:46:18.296186Z,70458302,0.45640000,206.31000000,buy,2022-05-12 21:46:18.296186+00:00
2022-05-12T21:46:18.296186Z,70458301,0.45650000,1094.16000000,buy,2022-05-12 21:46:18.296186+00:00
2022-05-12T21:46:18.296186Z,70458300,0.45650000,870.00000000,buy,2022-05-12 21:46:18.296186+00:00
2022-05-12T21:46:18.296186Z,70458299,0.45650000,901.68000000,buy,2022-05-12 21:46:18.296186+00:00
2022-05-12T21:46:18.296186Z,70458298,0.45660000,109.41000000,buy,2022-05-12 21:46:18.296186+00:00
2022-05-12T21:46:18.296186Z,70458297,0.45660000,901.68000000,buy,2022-05-12 21:46:18.296186+00:00
2022-05-12T21:46:18.296186Z,70458296,0.45660000,223.70000000,buy,2022-05-12 21:46:18.296186+00:00
2022-05-12T21:46:18.296186Z,70458295,0.45660000,101.08000000,buy,2022-05-12 21:46:18.296186+00:00
2022-05-12T21:46:18.296186Z,70458294,0.45660000,870.00000000,buy,2022-05-12 21:46:18.296186+00:00
2022-05-12T21:46:18.296186Z,70458293,0.45670000,400.00000000,buy,2022-05-12 21:46:18.296186+00:00
2022-05-12T21:46:18.296186Z,70458292,0.45670000,870.00000000,buy,2022-05-12 21:46:18.296186+00:00
2022-05-12T21:46:18.296186Z,70458291,0.45670000,765.86000000,buy,2022-05-12 21:46:18.296186+00:00
2022-05-12T21:46:18.296186Z,70458290,0.45670000,558.15000000,buy,2022-05-12 21:46:18.296186+00:00
2022-05-12T21:46:18.296186Z,70458289,0.45670000,931.17000000,buy,2022-05-12 21:46:18.296186+00:00
2022-05-12T21:46:18.296186Z,70458288,0.45680000,267.31000000,buy,2022-05-12 21:46:18.296186+00:00
2022-05-12T21:46:18.296186Z,70458287,0.45680000,1200.00000000,buy,2022-05-12 21:46:18.296186+00:00
2022-05-12T21:46:18.296186Z,70458286,0.45680000,500.00000000,buy,2022-05-12 21:46:18.296186+00:00
2022-05-12T21:46:18.296186Z,70458285,0.45680000,224.23000000,buy,2022-05-12 21:46:18.296186+00:00
2022-05-12T21:46:17.781856Z,70458284,0.45700000,211.08000000,sell,2022-05-12 21:46:17.781856+00:00
2022-05-12T21:46:17.712298Z,70458283,0.45700000,40.13000000,sell,2022-05-12 21:46:17.712298+00:00
2022-05-12T21:46:17.537441Z,70458282,0.45700000,10.64000000,sell,2022-05-12 21:46:17.537441+00:00
2022-05-12T21:46:17.50232Z,70458281,0.45690000,250.80000000,buy,2022-05-12 21:46:17.502320+00:00
2022-05-12T21:46:16.685403Z,70458280,0.45710000,40.28000000,sell,2022-05-12 21:46:16.685403+00:00
2022-05-12T21:46:16.364343Z,70458279,0.45720000,8.73000000,sell,2022-05-12 21:46:16.364343+00:00
2022-05-12T21:46:16.144034Z,70458278,0.45710000,379.12000000,sell,2022-05-12 21:46:16.144034+00:00
2022-05-12T21:46:16.115937Z,70458277,0.45710000,523.10000000,sell,2022-05-12 21:46:16.115937+00:00
2022-05-12T21:46:15.435084Z,70458276,0.45710000,8.73000000,sell,2022-05-12 21:46:15.435084+00:00
2022-05-12T21:46:14.750473Z,70458275,0.45680000,410.02000000,buy,2022-05-12 21:46:14.750473+00:00
2022-05-12T21:46:14.729998Z,70458274,0.45700000,1.75000000,sell,2022-05-12 21:46:14.729998+00:00
2022-05-12T21:46:14.117465Z,70458273,0.45680000,749.00000000,buy,2022-05-12 21:46:14.117465+00:00
2022-05-12T21:46:14.075428Z,70458272,0.45690000,930.86000000,buy,2022-05-12 21:46:14.075428+00:00
2022-05-12T21:46:14.058717Z,70458271,0.45690000,820.20000000,buy,2022-05-12 21:46:14.058717+00:00
2022-05-12T21:46:13.395626Z,70458270,0.45700000,820.20000000,buy,2022-05-12 21:46:13.395626+00:00
2022-05-12T21:46:13.387087Z,70458269,0.45720000,410.11000000,sell,2022-05-12 21:46:13.387087+00:00
2022-05-12T21:46:12.962822Z,70458268,0.45710000,644.90000000,sell,2022-05-12 21:46:12.962822+00:00
2022-05-12T21:46:12.94663Z,70458267,0.45710000,104.10000000,sell,2022-05-12 21:46:12.946630+00:00
2022-05-12T21:46:12.681603Z,70458266,0.45690000,23.93000000,buy,2022-05-12 21:46:12.681603+00:00
2022-05-12T21:46:12.681603Z,70458265,0.45690000,296.27000000,buy,2022-05-12 21:46:12.681603+00:00
2022-05-12T21:46:12.681603Z,70458264,0.45690000,500.00000000,buy,2022-05-12 21:46:12.681603+00:00
2022-05-12T21:46:12.660709Z,70458263,0.45710000,216.85000000,sell,2022-05-12 21:46:12.660709+00:00
2022-05-12T21:46:12.660709Z,70458262,0.45700000,0.09000000,sell,2022-05-12 21:46:12.660709+00:00
2022-05-12T21:46:12.039928Z,70458261,0.45700000,410.20000000,sell,2022-05-12 21:46:12.039928+00:00
2022-05-12T21:46:10.967661Z,70458260,0.45700000,820.03000000,buy,2022-05-12 21:46:10.967661+00:00
2022-05-12T21:46:10.952068Z,70458259,0.45730000,18.51000000,sell,2022-05-12 21:46:10.952068+00:00
2022-05-12T21:46:10.952068Z,70458258,0.45720000,0.01000000,sell,2022-05-12 21:46:10.952068+00:00
2022-05-12T21:46:10.438506Z,70458257,0.45720000,410.10000000,sell,2022-05-12 21:46:10.438506+00:00
2022-05-12T21:46:09.672998Z,70458256,0.45690000,820.20000000,buy,2022-05-12 21:46:09.672998+00:00
2022-05-12T21:46:08.980793Z,70458255,0.45690000,820.38000000,buy,2022-05-12 21:46:08.980793+00:00
2022-05-12T21:46:08.549529Z,70458254,0.45690000,147.39000000,buy,2022-05-12 21:46:08.549529+00:00
2022-05-12T21:46:08.369861Z,70458253,0.45690000,601.58000000,buy,2022-05-12 21:46:08.369861+00:00
2022-05-12T21:46:07.938374Z,70458252,0.45710000,19.49000000,sell,2022-05-12 21:46:07.938374+00:00
2022-05-12T21:46:07.914269Z,70458251,0.45680000,820.56000000,buy,2022-05-12 21:46:07.914269+00:00
2022-05-12T21:46:07.896737Z,70458250,0.45690000,1180.17000000,sell,2022-05-12 21:46:07.896737+00:00
2022-05-12T21:46:07.868357Z,70458249,0.45690000,103.83000000,sell,2022-05-12 21:46:07.868357+00:00
2022-05-12T21:46:07.868357Z,70458248,0.45680000,0.04000000,sell,2022-05-12 21:46:07.868357+00:00
2022-05-12T21:46:07.409277Z,70458247,0.45680000,740.70000000,sell,2022-05-12 21:46:07.409277+00:00
2022-05-12T21:46:07.395303Z,70458246,0.45680000,80.00000000,buy,2022-05-12 21:46:07.395303+00:00
2022-05-12T21:46:07.023429Z,70458245,0.45700000,699.00000000,sell,2022-05-12 21:46:07.023429+00:00
2022-05-12T21:46:06.993275Z,70458244,0.45700000,50.00000000,sell,2022-05-12 21:46:06.993275+00:00
2022-05-12T21:46:06.424468Z,70458243,0.45690000,820.20000000,buy,2022-05-12 21:46:06.424468+00:00
2022-05-12T21:46:06.406962Z,70458242,0.45720000,351.94000000,sell,2022-05-12 21:46:06.406962+00:00
2022-05-12T21:46:06.406962Z,70458241,0.45720000,1200.00000000,sell,2022-05-12 21:46:06.406962+00:00
2022-05-12T21:46:06.406962Z,70458240,0.45710000,410.20000000,sell,2022-05-12 21:46:06.406962+00:00
2022-05-12T21:46:06.406962Z,70458239,0.45710000,835.50000000,sell,2022-05-12 21:46:06.406962+00:00
2022-05-12T21:46:06.240452Z,70458238,0.45710000,448.50000000,sell,2022-05-12 21:46:06.240452+00:00
2022-05-12T21:46:06.240452Z,70458237,0.45710000,749.00000000,sell,2022-05-12 21:46:06.240452+00:00
2022-05-12T21:46:06.240452Z,70458236,0.45710000,802.50000000,sell,2022-05-12 21:46:06.240452+00:00
2022-05-12T21:46:05.542702Z,70458235,0.45690000,109.58000000,buy,2022-05-12 21:46:05.542702+00:00
2022-05-12T21:46:05.328528Z,70458234,0.45690000,819.00000000,buy,2022-05-12 21:46:05.328528+00:00
2022-05-12T21:46:05.328528Z,70458233,0.45690000,1.20000000,buy,2022-05-12 21:46:05.328528+00:00
2022-05-12T21:46:04.564795Z,70458232,0.45730000,213.31000000,sell,2022-05-12 21:46:04.564795+00:00
2022-05-12T21:46:03.649128Z,70458231,0.45720000,21.84000000,sell,2022-05-12 21:46:03.649128+00:00
2022-05-12T21:46:03.565894Z,70458230,0.45700000,21.00000000,buy,2022-05-12 21:46:03.565894+00:00
2022-05-12T21:46:03.565894Z,70458229,0.45700000,218.91000000,buy,2022-05-12 21:46:03.565894+00:00
2022-05-12T21:46:03.550336Z,70458228,0.45700000,820.03000000,buy,2022-05-12 21:46:03.550336+00:00
2022-05-12T21:46:01.620341Z,70458227,0.45770000,634.40000000,sell,2022-05-12 21:46:01.620341+00:00
2022-05-12T21:46:01.514684Z,70458226,0.45750000,819.13000000,buy,2022-05-12 21:46:01.514684+00:00
2022-05-12T21:46:01.497797Z,70458225,0.45750000,43.47000000,buy,2022-05-12 21:46:01.497797+00:00
2022-05-12T21:46:01.358797Z,70458224,0.45760000,1199.54000000,buy,2022-05-12 21:46:01.358797+00:00
2022-05-12T21:46:01.358797Z,70458223,0.45760000,340.46000000,buy,2022-05-12 21:46:01.358797+00:00
2022-05-12T21:46:01.016802Z,70458222,0.45770000,818.77000000,buy,2022-05-12 21:46:01.016802+00:00
2022-05-12T21:46:00.852189Z,70458221,0.45800000,1.43000000,sell,2022-05-12 21:46:00.852189+00:00
2022-05-12T21:46:00.761961Z,70458220,0.45780000,625.43000000,buy,2022-05-12 21:46:00.761961+00:00
2022-05-12T21:46:00.707207Z,70458219,0.45820000,40.05000000,sell,2022-05-12 21:46:00.707207+00:00
2022-05-12T21:46:00.508842Z,70458218,0.45790000,251.38000000,buy,2022-05-12 21:46:00.508842+00:00
2022-05-12T21:46:00.508842Z,70458217,0.45800000,556.50000000,buy,2022-05-12 21:46:00.508842+00:00
2022-05-12T21:46:00.508842Z,70458216,0.45800000,10.00000000,buy,2022-05-12 21:46:00.508842+00:00
2022-05-12T21:45:59.861305Z,70458215,0.45830000,443.22000000,buy,2022-05-12 21:45:59.861305+00:00
2022-05-12T21:45:59.861305Z,70458214,0.45830000,374.48000000,buy,2022-05-12 21:45:59.861305+00:00
2022-05-12T21:45:59.297437Z,70458213,0.45880000,209.93000000,sell,2022-05-12 21:45:59.297437+00:00
2022-05-12T21:45:56.637008Z,70458212,0.45860000,3.76000000,buy,2022-05-12 21:45:56.637008+00:00
2022-05-12T21:45:55.714158Z,70458211,0.45870000,321.82000000,buy,2022-05-12 21:45:55.714158+00:00
2022-05-12T21:45:55.714158Z,70458210,0.45870000,816.10000000,buy,2022-05-12 21:45:55.714158+00:00
2022-05-12T21:45:55.714158Z,70458209,0.45870000,407.78000000,buy,2022-05-12 21:45:55.714158+00:00
2022-05-12T21:45:55.556018Z,70458208,0.45880000,0.09000000,buy,2022-05-12 21:45:55.556018+00:00
2022-05-12T21:45:55.461126Z,70458207,0.45880000,954.40000000,buy,2022-05-12 21:45:55.461126+00:00
2022-05-12T21:45:55.119053Z,70458206,0.45910000,555.19000000,buy,2022-05-12 21:45:55.119053+00:00
2022-05-12T21:45:55.004857Z,70458205,0.45950000,547.55000000,sell,2022-05-12 21:45:55.004857+00:00
2022-05-12T21:45:55.004857Z,70458204,0.45950000,870.00000000,sell,2022-05-12 21:45:55.004857+00:00
2022-05-12T21:45:55.004857Z,70458203,0.45950000,333.45000000,sell,2022-05-12 21:45:55.004857+00:00
2022-05-12T21:45:55.004857Z,70458202,0.45950000,749.00000000,sell,2022-05-12 21:45:55.004857+00:00
2022-05-12T21:45:55.004857Z,70458201,0.45940000,500.00000000,sell,2022-05-12 21:45:55.004857+00:00
2022-05-12T21:45:54.696935Z,70458200,0.45920000,1.08000000,buy,2022-05-12 21:45:54.696935+00:00
2022-05-12T21:45:53.279628Z,70458199,0.45960000,25.00000000,buy,2022-05-12 21:45:53.279628+00:00
2022-05-12T21:45:52.577085Z,70458198,0.45990000,168.77000000,sell,2022-05-12 21:45:52.577085+00:00
2022-05-12T21:45:52.577085Z,70458197,0.45990000,554.93000000,sell,2022-05-12 21:45:52.577085+00:00
2022-05-12T21:45:52.577085Z,70458196,0.45990000,870.00000000,sell,2022-05-12 21:45:52.577085+00:00
2022-05-12T21:45:52.577085Z,70458195,0.45980000,567.84000000,sell,2022-05-12 21:45:52.577085+00:00
2022-05-12T21:45:51.582596Z,70458194,0.45980000,193.82000000,sell,2022-05-12 21:45:51.582596+00:00
2022-05-12T21:45:51.582596Z,70458193,0.45980000,870.00000000,sell,2022-05-12 21:45:51.582596+00:00
2022-05-12T21:45:50.751472Z,70458192,0.45980000,51.32000000,sell,2022-05-12 21:45:50.751472+00:00
2022-05-12T21:45:50.480512Z,70458191,0.45980000,2.09000000,sell,2022-05-12 21:45:50.480512+00:00
2022-05-12T21:45:50.129221Z,70458190,0.45990000,777.30000000,sell,2022-05-12 21:45:50.129221+00:00
2022-05-12T21:45:50.129221Z,70458189,0.45980000,272.00000000,sell,2022-05-12 21:45:50.129221+00:00
2022-05-12T21:45:50.129221Z,70458188,0.45980000,873.70000000,sell,2022-05-12 21:45:50.129221+00:00
2022-05-12T21:45:49.633778Z,70458187,0.45980000,7.16000000,sell,2022-05-12 21:45:49.633778+00:00
2022-05-12T21:45:49.413078Z,70458186,0.45960000,655.66000000,buy,2022-05-12 21:45:49.413078+00:00
2022-05-12T21:45:48.746285Z,70458185,0.45990000,1062.90000000,sell,2022-05-12 21:45:48.746285+00:00
2022-05-12T21:45:48.653019Z,70458184,0.45990000,20.20000000,sell,2022-05-12 21:45:48.653019+00:00
2022-05-12T21:45:48.405807Z,70458183,0.45990000,112.81000000,sell,2022-05-12 21:45:48.405807+00:00
2022-05-12T21:45:48.186898Z,70458182,0.46000000,265.39000000,sell,2022-05-12 21:45:48.186898+00:00
2022-05-12T21:45:48.186898Z,70458181,0.45990000,870.00000000,sell,2022-05-12 21:45:48.186898+00:00
2022-05-12T21:45:48.186898Z,70458180,0.45990000,896.15000000,sell,2022-05-12 21:45:48.186898+00:00
2022-05-12T21:45:48.186898Z,70458179,0.45990000,407.70000000,sell,2022-05-12 21:45:48.186898+00:00
2022-05-12T21:45:48.186898Z,70458178,0.45990000,1199.36000000,sell,2022-05-12 21:45:48.186898+00:00
2022-05-12T21:45:48.186898Z,70458177,0.45980000,269.44000000,sell,2022-05-12 21:45:48.186898+00:00
2022-05-12T21:45:48.186898Z,70458176,0.45980000,400.00000000,sell,2022-05-12 21:45:48.186898+00:00
2022-05-12T21:45:48.186898Z,70458175,0.45980000,1200.00000000,sell,2022-05-12 21:45:48.186898+00:00
2022-05-12T21:45:47.548353Z,70458174,0.45990000,0.64000000,sell,2022-05-12 21:45:47.548353+00:00
2022-05-12T21:45:47.11739Z,70458173,0.45990000,407.70000000,sell,2022-05-12 21:45:47.117390+00:00
2022-05-12T21:45:47.047182Z,70458172,0.45980000,400.00000000,sell,2022-05-12 21:45:47.047182+00:00
2022-05-12T21:45:47.047182Z,70458171,0.45980000,407.79000000,sell,2022-05-12 21:45:47.047182+00:00
2022-05-12T21:45:46.364375Z,70458170,0.45960000,0.07000000,sell,2022-05-12 21:45:46.364375+00:00
2022-05-12T21:45:45.42735Z,70458169,0.45930000,289.81000000,buy,2022-05-12 21:45:45.427350+00:00
2022-05-12T21:45:45.42735Z,70458168,0.45940000,255.52000000,buy,2022-05-12 21:45:45.427350+00:00
2022-05-12T21:45:45.42735Z,70458167,0.45940000,1200.00000000,buy,2022-05-12 21:45:45.427350+00:00
2022-05-12T21:45:45.335486Z,70458166,0.45950000,244.30000000,buy,2022-05-12 21:45:45.335486+00:00
2022-05-12T21:45:44.254794Z,70458165,0.45950000,8.74000000,buy,2022-05-12 21:45:44.254794+00:00
2022-05-12T21:45:44.172061Z,70458164,0.45960000,71.80000000,sell,2022-05-12 21:45:44.172061+00:00
2022-05-12T21:45:44.16468Z,70458163,0.45960000,336.10000000,sell,2022-05-12 21:45:44.164680+00:00
2022-05-12T21:45:44.119145Z,70458162,0.45960000,407.97000000,sell,2022-05-12 21:45:44.119145+00:00
2022-05-12T21:45:41.372861Z,70458161,0.45980000,19.44000000,sell,2022-05-12 21:45:41.372861+00:00
2022-05-12T21:45:40.589982Z,70458160,0.45980000,209.30000000,sell,2022-05-12 21:45:40.589982+00:00
2022-05-12T21:45:40.38124Z,70458159,0.45990000,800.00000000,sell,2022-05-12 21:45:40.381240+00:00
2022-05-12T21:45:40.38124Z,70458158,0.45990000,1200.00000000,sell,2022-05-12 21:45:40.381240+00:00
2022-05-12T21:45:39.901779Z,70458157,0.45960000,1.04000000,buy,2022-05-12 21:45:39.901779+00:00
2022-05-12T21:45:38.537899Z,70458156,0.45990000,802.50000000,sell,2022-05-12 21:45:38.537899+00:00
2022-05-12T21:45:37.791036Z,70458155,0.45990000,8.65000000,sell,2022-05-12 21:45:37.791036+00:00
2022-05-12T21:45:37.26722Z,70458154,0.45980000,217.90000000,buy,2022-05-12 21:45:37.267220+00:00
2022-05-12T21:45:37.174819Z,70458153,0.45980000,1.05000000,buy,2022-05-12 21:45:37.174819+00:00
2022-05-12T21:45:36.752453Z,70458152,0.46000000,814.10000000,buy,2022-05-12 21:45:36.752453+00:00
2022-05-12T21:45:36.632333Z,70458151,0.46040000,4.28000000,sell,2022-05-12 21:45:36.632333+00:00
2022-05-12T21:45:36.137017Z,70458150,0.46030000,291.50000000,buy,2022-05-12 21:45:36.137017+00:00
2022-05-12T21:45:36.096802Z,70458149,0.46040000,108.46000000,buy,2022-05-12 21:45:36.096802+00:00
2022-05-12T21:45:36.096802Z,70458148,0.46040000,813.44000000,buy,2022-05-12 21:45:36.096802+00:00
2022-05-12T21:45:36.062268Z,70458147,0.46070000,208.93000000,sell,2022-05-12 21:45:36.062268+00:00
2022-05-12T21:45:36.050879Z,70458146,0.46050000,1188.30000000,buy,2022-05-12 21:45:36.050879+00:00
2022-05-12T21:45:36.050879Z,70458145,0.46050000,500.00000000,buy,2022-05-12 21:45:36.050879+00:00
2022-05-12T21:45:35.971085Z,70458144,0.46060000,1200.00000000,sell,2022-05-12 21:45:35.971085+00:00
2022-05-12T21:45:35.925054Z,70458143,0.46050000,552.34000000,buy,2022-05-12 21:45:35.925054+00:00
2022-05-12T21:45:35.925054Z,70458142,0.46050000,297.45000000,buy,2022-05-12 21:45:35.925054+00:00
2022-05-12T21:45:35.90318Z,70458141,0.46060000,400.00000000,buy,2022-05-12 21:45:35.903180+00:00
2022-05-12T21:45:35.90318Z,70458140,0.46060000,759.36000000,buy,2022-05-12 21:45:35.903180+00:00
2022-05-12T21:45:35.624301Z,70458139,0.46090000,50.63000000,sell,2022-05-12 21:45:35.624301+00:00
2022-05-12T21:45:35.198075Z,70458138,0.46090000,19.45000000,sell,2022-05-12 21:45:35.198075+00:00
2022-05-12T21:45:33.34396Z,70458137,0.46090000,400.00000000,sell,2022-05-12 21:45:33.343960+00:00
2022-05-12T21:45:33.334421Z,70458136,0.46080000,11101.00000000,buy,2022-05-12 21:45:33.334421+00:00
2022-05-12T21:45:33.113038Z,70458135,0.46070000,52.59000000,buy,2022-05-12 21:45:33.113038+00:00
2022-05-12T21:45:30.990601Z,70458134,0.46100000,229.68000000,sell,2022-05-12 21:45:30.990601+00:00
2022-05-12T21:45:30.519409Z,70458133,0.46080000,406.46000000,buy,2022-05-12 21:45:30.519409+00:00
2022-05-12T21:45:30.519409Z,70458132,0.46080000,812.92000000,buy,2022-05-12 21:45:30.519409+00:00
2022-05-12T21:45:28.230395Z,70458131,0.46110000,551.74000000,buy,2022-05-12 21:45:28.230395+00:00
2022-05-12T21:45:28.230395Z,70458130,0.46110000,406.37000000,buy,2022-05-12 21:45:28.230395+00:00
2022-05-12T21:45:28.230395Z,70458129,0.46110000,812.39000000,buy,2022-05-12 21:45:28.230395+00:00
2022-05-12T21:45:28.111158Z,70458128,0.46130000,25.34000000,sell,2022-05-12 21:45:28.111158+00:00
2022-05-12T21:45:27.809695Z,70458127,0.46130000,60.00000000,sell,2022-05-12 21:45:27.809695+00:00
2022-05-12T21:45:27.356571Z,70458126,0.46120000,577.13000000,buy,2022-05-12 21:45:27.356571+00:00
2022-05-12T21:45:27.356571Z,70458125,0.46120000,406.28000000,buy,2022-05-12 21:45:27.356571+00:00
2022-05-12T21:45:26.360913Z,70458124,0.46130000,892.70000000,buy,2022-05-12 21:45:26.360913+00:00
2022-05-12T21:45:24.82144Z,70458123,0.46160000,2.26000000,sell,2022-05-12 21:45:24.821440+00:00
2022-05-12T21:45:24.766897Z,70458122,0.46150000,0.08000000,buy,2022-05-12 21:45:24.766897+00:00
2022-05-12T21:45:24.758318Z,70458121,0.46150000,551.29000000,buy,2022-05-12 21:45:24.758318+00:00
2022-05-12T21:45:24.758318Z,70458120,0.46150000,108.31000000,buy,2022-05-12 21:45:24.758318+00:00
2022-05-12T21:45:24.754973Z,70458119,0.46160000,405.93000000,buy,2022-05-12 21:45:24.754973+00:00
2022-05-12T21:45:24.72337Z,70458118,0.46170000,0.09000000,buy,2022-05-12 21:45:24.723370+00:00
2022-05-12T21:45:24.338842Z,70458117,0.46170000,405.84000000,buy,2022-05-12 21:45:24.338842+00:00
2022-05-12T21:45:24.338842Z,70458116,0.46170000,811.86000000,buy,2022-05-12 21:45:24.338842+00:00
2022-05-12T21:45:23.896171Z,70458115,0.46200000,291.86000000,sell,2022-05-12 21:45:23.896171+00:00
2022-05-12T21:45:23.896171Z,70458114,0.46200000,20.00000000,sell,2022-05-12 21:45:23.896171+00:00
2022-05-12T21:45:23.896171Z,70458113,0.46200000,500.00000000,sell,2022-05-12 21:45:23.896171+00:00
2022-05-12T21:45:23.891636Z,70458112,0.46190000,1200.00000000,sell,2022-05-12 21:45:23.891636+00:00
2022-05-12T21:45:23.874178Z,70458111,0.46170000,10.93000000,buy,2022-05-12 21:45:23.874178+00:00
2022-05-12T21:45:23.353644Z,70458110,0.46190000,108.33000000,sell,2022-05-12 21:45:23.353644+00:00
2022-05-12T21:45:23.353644Z,70458109,0.46190000,396.00000000,sell,2022-05-12 21:45:23.353644+00:00
2022-05-12T21:45:23.353644Z,70458108,0.46190000,1200.00000000,sell,2022-05-12 21:45:23.353644+00:00
2022-05-12T21:45:23.193354Z,70458107,0.46190000,48.65000000,sell,2022-05-12 21:45:23.193354+00:00
2022-05-12T21:45:23.193354Z,70458106,0.46190000,400.00000000,sell,2022-05-12 21:45:23.193354+00:00
2022-05-12T21:45:23.193354Z,70458105,0.46190000,2597.16000000,sell,2022-05-12 21:45:23.193354+00:00
2022-05-12T21:45:23.192846Z,70458104,0.46180000,800.00000000,sell,2022-05-12 21:45:23.192846+00:00
2022-05-12T21:45:23.185847Z,70458103,0.46180000,400.00000000,sell,2022-05-12 21:45:23.185847+00:00
2022-05-12T21:45:23.063369Z,70458102,0.46170000,1200.00000000,buy,2022-05-12 21:45:23.063369+00:00
2022-05-12T21:45:22.903438Z,70458101,0.46180000,500.00000000,buy,2022-05-12 21:45:22.903438+00:00
2022-05-12T21:45:22.903438Z,70458100,0.46180000,870.00000000,buy,2022-05-12 21:45:22.903438+00:00
2022-05-12T21:45:22.721848Z,70458099,0.46190000,1362.74000000,sell,2022-05-12 21:45:22.721848+00:00
2022-05-12T21:45:22.382923Z,70458098,0.46160000,1160.59000000,sell,2022-05-12 21:45:22.382923+00:00
2022-05-12T21:45:22.366369Z,70458097,0.46160000,405.50000000,sell,2022-05-12 21:45:22.366369+00:00
2022-05-12T21:45:22.349868Z,70458096,0.46160000,1200.00000000,sell,2022-05-12 21:45:22.349868+00:00
2022-05-12T21:45:22.312378Z,70458095,0.46160000,1200.00000000,sell,2022-05-12 21:45:22.312378+00:00
2022-05-12T21:45:22.280194Z,70458094,0.46160000,47.75000000,sell,2022-05-12 21:45:22.280194+00:00
2022-05-12T21:45:22.280194Z,70458093,0.46160000,1200.00000000,sell,2022-05-12 21:45:22.280194+00:00
2022-05-12T21:45:20.467332Z,70458092,0.46160000,48.82000000,sell,2022-05-12 21:45:20.467332+00:00
2022-05-12T21:45:20.207018Z,70458091,0.46140000,1199.99000000,buy,2022-05-12 21:45:20.207018+00:00
2022-05-12T21:45:20.207018Z,70458090,0.46140000,870.00000000,buy,2022-05-12 21:45:20.207018+00:00
2022-05-12T21:45:19.751929Z,70458089,0.46130000,978.37000000,buy,2022-05-12 21:45:19.751929+00:00
2022-05-12T21:45:19.65834Z,70458088,0.46130000,108.38000000,buy,2022-05-12 21:45:19.658340+00:00
2022-05-12T21:45:19.65834Z,70458087,0.46130000,870.00000000,buy,2022-05-12 21:45:19.658340+00:00
2022-05-12T21:45:19.294387Z,70458086,0.46150000,229.90000000,sell,2022-05-12 21:45:19.294387+00:00
2022-05-12T21:45:19.220941Z,70458085,0.46190000,211.68000000,sell,2022-05-12 21:45:19.220941+00:00
2022-05-12T21:45:19.220941Z,70458084,0.46190000,870.00000000,sell,2022-05-12 21:45:19.220941+00:00
2022-05-12T21:45:19.220941Z,70458083,0.46180000,50.30000000,sell,2022-05-12 21:45:19.220941+00:00
2022-05-12T21:45:19.220941Z,70458082,0.46180000,870.00000000,sell,2022-05-12 21:45:19.220941+00:00
2022-05-12T21:45:19.220941Z,70458081,0.46180000,1394.88000000,sell,2022-05-12 21:45:19.220941+00:00
2022-05-12T21:45:19.220941Z,70458080,0.46170000,870.00000000,sell,2022-05-12 21:45:19.220941+00:00
2022-05-12T21:45:19.220941Z,70458079,0.46170000,400.00000000,sell,2022-05-12 21:45:19.220941+00:00
2022-05-12T21:45:19.220941Z,70458078,0.46160000,44.04000000,sell,2022-05-12 21:45:19.220941+00:00
2022-05-12T21:45:19.220941Z,70458077,0.46150000,224.19000000,sell,2022-05-12 21:45:19.220941+00:00
2022-05-12T21:45:19.220941Z,70458076,0.46140000,254.85000000,sell,2022-05-12 21:45:19.220941+00:00
2022-05-12T21:45:19.182193Z,70458075,0.46130000,406.28000000,buy,2022-05-12 21:45:19.182193+00:00
2022-05-12T21:45:18.910468Z,70458074,0.46140000,870.00000000,buy,2022-05-12 21:45:18.910468+00:00
2022-05-12T21:45:18.807401Z,70458073,0.46150000,111.40000000,buy,2022-05-12 21:45:18.807401+00:00
2022-05-12T21:45:18.648432Z,70458072,0.46150000,1.20000000,sell,2022-05-12 21:45:18.648432+00:00
2022-05-12T21:45:18.218381Z,70458071,0.46140000,108.40000000,sell,2022-05-12 21:45:18.218381+00:00
2022-05-12T21:45:18.107908Z,70458070,0.46100000,1154.94000000,buy,2022-05-12 21:45:18.107908+00:00
2022-05-12T21:45:18.107908Z,70458069,0.46100000,870.00000000,buy,2022-05-12 21:45:18.107908+00:00
2022-05-12T21:45:18.107813Z,70458068,0.46120000,0.08000000,sell,2022-05-12 21:45:18.107813+00:00
2022-05-12T21:45:18.107465Z,70458067,0.46120000,343.30000000,sell,2022-05-12 21:45:18.107465+00:00
2022-05-12T21:45:18.090878Z,70458066,0.46110000,0.09000000,sell,2022-05-12 21:45:18.090878+00:00
2022-05-12T21:45:18.082925Z,70458065,0.46110000,49.50000000,sell,2022-05-12 21:45:18.082925+00:00
2022-05-12T21:45:18.064749Z,70458064,0.46100000,0.09000000,sell,2022-05-12 21:45:18.064749+00:00
2022-05-12T21:45:17.930187Z,70458063,0.46100000,4.00000000,sell,2022-05-12 21:45:17.930187+00:00
2022-05-12T21:45:17.344992Z,70458062,0.46090000,668.93000000,sell,2022-05-12 21:45:17.344992+00:00
2022-05-12T21:45:17.344992Z,70458061,0.46090000,1.20000000,sell,2022-05-12 21:45:17.344992+00:00
2022-05-12T21:45:17.344992Z,70458060,0.46070000,0.05000000,sell,2022-05-12 21:45:17.344992+00:00
2022-05-12T21:45:16.617447Z,70458059,0.46060000,865.88000000,buy,2022-05-12 21:45:16.617447+00:00
2022-05-12T21:45:16.617447Z,70458058,0.46060000,1200.00000000,buy,2022-05-12 21:45:16.617447+00:00
2022-05-12T21:45:16.617447Z,70458057,0.46060000,4.12000000,buy,2022-05-12 21:45:16.617447+00:00
2022-05-12T21:45:16.019867Z,70458056,0.46070000,68.20000000,sell,2022-05-12 21:45:16.019867+00:00
2022-05-12T21:45:15.571282Z,70458055,0.46050000,0.01000000,sell,2022-05-12 21:45:15.571282+00:00
2022-05-12T21:45:15.22068Z,70458054,0.46050000,1338.30000000,sell,2022-05-12 21:45:15.220680+00:00
2022-05-12T21:45:15.116943Z,70458053,0.46050000,365.00000000,sell,2022-05-12 21:45:15.116943+00:00
2022-05-12T21:45:15.096218Z,70458052,0.46050000,334.00000000,sell,2022-05-12 21:45:15.096218+00:00
2022-05-12T21:45:15.078079Z,70458051,0.46050000,1000.00000000,sell,2022-05-12 21:45:15.078079+00:00
2022-05-12T21:45:15.049908Z,70458050,0.46050000,999.92000000,sell,2022-05-12 21:45:15.049908+00:00
2022-05-12T21:45:15.049908Z,70458049,0.46050000,0.08000000,sell,2022-05-12 21:45:15.049908+00:00
2022-05-12T21:45:15.031942Z,70458048,0.46050000,172.42000000,sell,2022-05-12 21:45:15.031942+00:00
2022-05-12T21:45:15.031942Z,70458047,0.46050000,54.98000000,sell,2022-05-12 21:45:15.031942+00:00
2022-05-12T21:45:15.006285Z,70458046,0.46040000,1036.48000000,sell,2022-05-12 21:45:15.006285+00:00
2022-05-12T21:45:14.945876Z,70458045,0.46040000,1000.00000000,sell,2022-05-12 21:45:14.945876+00:00
2022-05-12T21:45:14.908677Z,70458044,0.46040000,2000.00000000,sell,2022-05-12 21:45:14.908677+00:00
2022-05-12T21:45:13.961837Z,70458043,0.46030000,1.20000000,sell,2022-05-12 21:45:13.961837+00:00
2022-05-12T21:45:13.534275Z,70458042,0.46020000,1146.57000000,sell,2022-05-12 21:45:13.534275+00:00
2022-05-12T21:45:13.518035Z,70458041,0.46010000,80.48000000,buy,2022-05-12 21:45:13.518035+00:00
2022-05-12T21:45:13.091189Z,70458040,0.46020000,1044.80000000,sell,2022-05-12 21:45:13.091189+00:00
2022-05-12T21:45:12.452902Z,70458039,0.46020000,4.30000000,sell,2022-05-12 21:45:12.452902+00:00
2022-05-12T21:45:12.277967Z,70458038,0.46020000,104.33000000,sell,2022-05-12 21:45:12.277967+00:00
2022-05-12T21:45:12.277967Z,70458037,0.46000000,0.09000000,sell,2022-05-12 21:45:12.277967+00:00
2022-05-12T21:45:11.917207Z,70458036,0.46000000,4211.50000000,sell,2022-05-12 21:45:11.917207+00:00
2022-05-12T21:45:11.866653Z,70458035,0.46000000,19.57000000,sell,2022-05-12 21:45:11.866653+00:00
2022-05-12T21:45:11.853049Z,70458034,0.45990000,553.30000000,buy,2022-05-12 21:45:11.853049+00:00
2022-05-12T21:45:11.853049Z,70458033,0.45990000,4682.00000000,buy,2022-05-12 21:45:11.853049+00:00
2022-05-12T21:45:11.853049Z,70458032,0.45990000,374.50000000,buy,2022-05-12 21:45:11.853049+00:00
2022-05-12T21:45:11.576708Z,70458031,0.46000000,9.24000000,sell,2022-05-12 21:45:11.576708+00:00
2022-05-12T21:45:11.359653Z,70458030,0.46000000,815.21000000,sell,2022-05-12 21:45:11.359653+00:00
2022-05-12T21:45:10.84363Z,70458029,0.45980000,234.80000000,sell,2022-05-12 21:45:10.843630+00:00
2022-05-12T21:45:09.867458Z,70458028,0.45960000,407.69000000,buy,2022-05-12 21:45:09.867458+00:00
2022-05-12T21:45:09.867458Z,70458027,0.45960000,870.00000000,buy,2022-05-12 21:45:09.867458+00:00
2022-05-12T21:45:09.867458Z,70458026,0.45960000,1284.00000000,buy,2022-05-12 21:45:09.867458+00:00
2022-05-12T21:45:09.436978Z,70458025,0.45970000,4881.40000000,buy,2022-05-12 21:45:09.436978+00:00
2022-05-12T21:45:09.433843Z,70458024,0.45970000,1233.60000000,buy,2022-05-12 21:45:09.433843+00:00
2022-05-12T21:45:09.340532Z,70458023,0.45980000,913.84000000,sell,2022-05-12 21:45:09.340532+00:00
2022-05-12T21:45:09.115082Z,70458022,0.45960000,399.95000000,buy,2022-05-12 21:45:09.115082+00:00
2022-05-12T21:45:09.115082Z,70458021,0.45970000,0.05000000,buy,2022-05-12 21:45:09.115082+00:00
2022-05-12T21:45:09.115067Z,70458020,0.45970000,108.70000000,buy,2022-05-12 21:45:09.115067+00:00
2022-05-12T21:45:09.044524Z,70458019,0.45970000,490.62000000,sell,2022-05-12 21:45:09.044524+00:00
2022-05-12T21:45:08.879922Z,70458018,0.45970000,543.01000000,sell,2022-05-12 21:45:08.879922+00:00
2022-05-12T21:45:08.365053Z,70458017,0.45970000,969.50000000,sell,2022-05-12 21:45:08.365053+00:00
2022-05-12T21:45:08.27508Z,70458016,0.45970000,1244.54000000,sell,2022-05-12 21:45:08.275080+00:00
2022-05-12T21:45:08.27508Z,70458015,0.45970000,1.20000000,sell,2022-05-12 21:45:08.275080+00:00
2022-05-12T21:45:08.210805Z,70458014,0.45950000,1200.00000000,sell,2022-05-12 21:45:08.210805+00:00
2022-05-12T21:45:08.210805Z,70458013,0.45950000,4069.37000000,sell,2022-05-12 21:45:08.210805+00:00
2022-05-12T21:45:08.210805Z,70458012,0.45950000,12.99000000,sell,2022-05-12 21:45:08.210805+00:00
2022-05-12T21:45:08.039845Z,70458011,0.45950000,1.16000000,sell,2022-05-12 21:45:08.039845+00:00
2022-05-12T21:45:08.039845Z,70458010,0.45950000,3.69000000,sell,2022-05-12 21:45:08.039845+00:00
2022-05-12T21:45:07.857894Z,70458009,0.45930000,1200.00000000,sell,2022-05-12 21:45:07.857894+00:00
2022-05-12T21:45:07.857894Z,70458008,0.45930000,8.20000000,sell,2022-05-12 21:45:07.857894+00:00
2022-05-12T21:45:07.706833Z,70458007,0.45920000,428.29000000,sell,2022-05-12 21:45:07.706833+00:00
2022-05-12T21:45:07.359578Z,70458006,0.45920000,870.00000000,sell,2022-05-12 21:45:07.359578+00:00
2022-05-12T21:45:07.359578Z,70458005,0.45920000,24.87000000,sell,2022-05-12 21:45:07.359578+00:00
2022-05-12T21:45:07.359578Z,70458004,0.45910000,400.54000000,sell,2022-05-12 21:45:07.359578+00:00
2022-05-12T21:45:07.359578Z,70458003,0.45910000,554.99000000,sell,2022-05-12 21:45:07.359578+00:00
2022-05-12T21:45:07.359578Z,70458002,0.45910000,390.35000000,sell,2022-05-12 21:45:07.359578+00:00
2022-05-12T21:45:07.359578Z,70458001,0.45910000,68.32000000,sell,2022-05-12 21:45:07.359578+00:00
2022-05-12T21:45:07.359578Z,70458000,0.45910000,1.20000000,sell,2022-05-12 21:45:07.359578+00:00
2022-05-12T21:45:07.359578Z,70457999,0.45900000,66.40000000,sell,2022-05-12 21:45:07.359578+00:00
2022-05-12T21:45:07.359578Z,70457998,0.45890000,42.31000000,sell,2022-05-12 21:45:07.359578+00:00
2022-05-12T21:45:07.328831Z,70457997,0.45880000,48.86000000,sell,2022-05-12 21:45:07.328831+00:00
2022-05-12T21:45:07.277805Z,70457996,0.45860000,256.71000000,sell,2022-05-12 21:45:07.277805+00:00
2022-05-12T21:45:07.259511Z,70457995,0.45840000,27.99000000,buy,2022-05-12 21:45:07.259511+00:00
2022-05-12T21:45:07.259511Z,70457994,0.45840000,24.00000000,buy,2022-05-12 21:45:07.259511+00:00
2022-05-12T21:45:07.09552Z,70457993,0.45850000,255.10000000,sell,2022-05-12 21:45:07.095520+00:00
2022-05-12T21:45:06.62752Z,70457992,0.45870000,1076.32000000,sell,2022-05-12 21:45:06.627520+00:00
2022-05-12T21:45:06.62752Z,70457991,0.45870000,11.85000000,sell,2022-05-12 21:45:06.627520+00:00
2022-05-12T21:45:06.332277Z,70457990,0.45860000,81.60000000,sell,2022-05-12 21:45:06.332277+00:00
2022-05-12T21:45:06.332277Z,70457989,0.45860000,42.11000000,sell,2022-05-12 21:45:06.332277+00:00
2022-05-12T21:45:06.332277Z,70457988,0.45850000,0.07000000,sell,2022-05-12 21:45:06.332277+00:00
2022-05-12T21:45:06.146007Z,70457987,0.45830000,65.98000000,buy,2022-05-12 21:45:06.146007+00:00
2022-05-12T21:45:05.613361Z,70457986,0.45850000,68.30000000,sell,2022-05-12 21:45:05.613361+00:00
2022-05-12T21:45:05.149731Z,70457985,0.45830000,2.16000000,sell,2022-05-12 21:45:05.149731+00:00
2022-05-12T21:45:05.052551Z,70457984,0.45820000,500.00000000,buy,2022-05-12 21:45:05.052551+00:00
2022-05-12T21:45:03.858187Z,70457983,0.45840000,282.39000000,sell,2022-05-12 21:45:03.858187+00:00
2022-05-12T21:45:03.858187Z,70457982,0.45840000,92.61000000,sell,2022-05-12 21:45:03.858187+00:00
2022-05-12T21:45:03.494715Z,70457981,0.45840000,179.17000000,sell,2022-05-12 21:45:03.494715+00:00
2022-05-12T21:45:03.49042Z,70457980,0.45840000,300.00000000,sell,2022-05-12 21:45:03.490420+00:00
2022-05-12T21:45:03.478661Z,70457979,0.45840000,196.30000000,sell,2022-05-12 21:45:03.478661+00:00
2022-05-12T21:45:03.384528Z,70457978,0.45810000,1200.00000000,buy,2022-05-12 21:45:03.384528+00:00
2022-05-12T21:45:03.361962Z,70457977,0.45840000,431.92000000,sell,2022-05-12 21:45:03.361962+00:00
2022-05-12T21:45:03.299135Z,70457976,0.45840000,171.88000000,sell,2022-05-12 21:45:03.299135+00:00
2022-05-12T21:45:03.299135Z,70457975,0.45840000,35.68000000,sell,2022-05-12 21:45:03.299135+00:00
2022-05-12T21:45:03.299135Z,70457974,0.45830000,109.18000000,sell,2022-05-12 21:45:03.299135+00:00
2022-05-12T21:45:02.947463Z,70457973,0.45810000,400.00000000,sell,2022-05-12 21:45:02.947463+00:00
2022-05-12T21:45:02.878362Z,70457972,0.45790000,367.70000000,sell,2022-05-12 21:45:02.878362+00:00
2022-05-12T21:45:02.878362Z,70457971,0.45790000,556.25000000,sell,2022-05-12 21:45:02.878362+00:00
2022-05-12T21:45:02.85775Z,70457970,0.45760000,413.41000000,buy,2022-05-12 21:45:02.857750+00:00
2022-05-12T21:45:02.85775Z,70457969,0.45770000,84.00000000,buy,2022-05-12 21:45:02.857750+00:00
2022-05-12T21:45:02.609106Z,70457968,0.45770000,1200.00000000,buy,2022-05-12 21:45:02.609106+00:00
2022-05-12T21:45:02.287372Z,70457967,0.45790000,391.45000000,sell,2022-05-12 21:45:02.287372+00:00
2022-05-12T21:45:02.287372Z,70457966,0.45790000,109.28000000,sell,2022-05-12 21:45:02.287372+00:00
2022-05-12T21:45:01.961464Z,70457965,0.45750000,173.76000000,buy,2022-05-12 21:45:01.961464+00:00
2022-05-12T21:45:01.961464Z,70457964,0.45750000,322.90000000,buy,2022-05-12 21:45:01.961464+00:00
2022-05-12T21:45:01.453975Z,70457963,0.45750000,322.93000000,sell,2022-05-12 21:45:01.453975+00:00
2022-05-12T21:45:01.179909Z,70457962,0.45740000,430.71000000,buy,2022-05-12 21:45:01.179909+00:00
2022-05-12T21:45:01.078485Z,70457961,0.45750000,86.91000000,sell,2022-05-12 21:45:01.078485+00:00
2022-05-12T21:45:00.766714Z,70457960,0.45750000,501.47000000,sell,2022-05-12 21:45:00.766714+00:00
2022-05-12T21:45:00.766714Z,70457959,0.45750000,17.53000000,sell,2022-05-12 21:45:00.766714+00:00
2022-05-12T21:45:00.727854Z,70457958,0.45750000,748.03000000,sell,2022-05-12 21:45:00.727854+00:00
2022-05-12T21:45:00.727854Z,70457957,0.45750000,368.47000000,sell,2022-05-12 21:45:00.727854+00:00
2022-05-12T21:45:00.137391Z,70457956,0.45750000,24.06000000,sell,2022-05-12 21:45:00.137391+00:00
2022-05-12T21:45:00.137391Z,70457955,0.45750000,404.51000000,sell,2022-05-12 21:45:00.137391+00:00
2022-05-12T21:45:00.073746Z,70457954,0.45750000,465.49000000,sell,2022-05-12 21:45:00.073746+00:00
2022-05-12T21:45:00.073746Z,70457953,0.45750000,409.84000000,sell,2022-05-12 21:45:00.073746+00:00
2022-05-12T21:45:00.073746Z,70457952,0.45740000,870.00000000,sell,2022-05-12 21:45:00.073746+00:00
2022-05-12T21:44:58.940855Z,70457951,0.45730000,19.58000000,sell,2022-05-12 21:44:58.940855+00:00
2022-05-12T21:44:58.101351Z,70457950,0.45730000,108.24000000,sell,2022-05-12 21:44:58.101351+00:00
2022-05-12T21:44:57.697984Z,70457949,0.45730000,209.05000000,sell,2022-05-12 21:44:57.697984+00:00
2022-05-12T21:44:57.651341Z,70457948,0.45730000,21.73000000,sell,2022-05-12 21:44:57.651341+00:00
2022-05-12T21:44:56.702405Z,70457947,0.45720000,20.63000000,sell,2022-05-12 21:44:56.702405+00:00
2022-05-12T21:44:56.690667Z,70457946,0.45700000,36.06000000,buy,2022-05-12 21:44:56.690667+00:00
2022-05-12T21:44:54.340289Z,70457945,0.45720000,642.62000000,sell,2022-05-12 21:44:54.340289+00:00
2022-05-12T21:44:54.158301Z,70457944,0.45720000,250.00000000,sell,2022-05-12 21:44:54.158301+00:00
2022-05-12T21:44:54.081058Z,70457943,0.45720000,104.26000000,sell,2022-05-12 21:44:54.081058+00:00
2022-05-12T21:44:52.430715Z,70457942,0.45740000,25.00000000,buy,2022-05-12 21:44:52.430715+00:00
2022-05-12T21:44:52.430715Z,70457941,0.45740000,200.00000000,buy,2022-05-12 21:44:52.430715+00:00
2022-05-12T21:44:52.044093Z,70457940,0.45750000,320.50000000,buy,2022-05-12 21:44:52.044093+00:00
2022-05-12T21:44:51.886846Z,70457939,0.45770000,210.90000000,sell,2022-05-12 21:44:51.886846+00:00
2022-05-12T21:44:51.621742Z,70457938,0.45770000,555.70000000,buy,2022-05-12 21:44:51.621742+00:00
2022-05-12T21:44:51.48774Z,70457937,0.45780000,499.40000000,buy,2022-05-12 21:44:51.487740+00:00
2022-05-12T21:44:50.862058Z,70457936,0.45810000,2.18000000,sell,2022-05-12 21:44:50.862058+00:00
2022-05-12T21:44:50.485539Z,70457935,0.45820000,319.80000000,sell,2022-05-12 21:44:50.485539+00:00
2022-05-12T21:44:49.221595Z,70457934,0.45810000,161.47000000,buy,2022-05-12 21:44:49.221595+00:00
2022-05-12T21:44:48.949941Z,70457933,0.45830000,428.57000000,sell,2022-05-12 21:44:48.949941+00:00
2022-05-12T21:44:48.700916Z,70457932,0.45830000,108.36000000,sell,2022-05-12 21:44:48.700916+00:00
2022-05-12T21:44:48.640844Z,70457931,0.45830000,2.61000000,sell,2022-05-12 21:44:48.640844+00:00
2022-05-12T21:44:46.528363Z,70457930,0.45830000,104.55000000,sell,2022-05-12 21:44:46.528363+00:00
2022-05-12T21:44:46.267521Z,70457929,0.45830000,108.93000000,sell,2022-05-12 21:44:46.267521+00:00
2022-05-12T21:44:46.106625Z,70457928,0.45810000,1.68000000,buy,2022-05-12 21:44:46.106625+00:00
2022-05-12T21:44:45.774505Z,70457927,0.45830000,400.00000000,sell,2022-05-12 21:44:45.774505+00:00
2022-05-12T21:44:45.093697Z,70457926,0.45820000,211.08000000,sell,2022-05-12 21:44:45.093697+00:00
2022-05-12T21:44:44.495642Z,70457925,0.45780000,0.55000000,buy,2022-05-12 21:44:44.495642+00:00
2022-05-12T21:44:44.455898Z,70457924,0.45810000,870.00000000,sell,2022-05-12 21:44:44.455898+00:00
2022-05-12T21:44:44.305142Z,70457923,0.45790000,899.90000000,sell,2022-05-12 21:44:44.305142+00:00
2022-05-12T21:44:42.203642Z,70457922,0.45740000,855.68000000,buy,2022-05-12 21:44:42.203642+00:00
2022-05-12T21:44:41.29549Z,70457921,0.45770000,75.93000000,sell,2022-05-12 21:44:41.295490+00:00
2022-05-12T21:44:40.883283Z,70457920,0.45770000,29.42000000,sell,2022-05-12 21:44:40.883283+00:00
2022-05-12T21:44:39.76591Z,70457919,0.45760000,2.23000000,sell,2022-05-12 21:44:39.765910+00:00
2022-05-12T21:44:38.143786Z,70457918,0.45750000,900.60000000,sell,2022-05-12 21:44:38.143786+00:00
2022-05-12T21:44:37.273412Z,70457917,0.45730000,2507.56000000,buy,2022-05-12 21:44:37.273412+00:00
2022-05-12T21:44:37.273412Z,70457916,0.45740000,900.56000000,buy,2022-05-12 21:44:37.273412+00:00
2022-05-12T21:44:37.273412Z,70457915,0.45740000,1192.32000000,buy,2022-05-12 21:44:37.273412+00:00
2022-05-12T21:44:37.273412Z,70457914,0.45750000,1200.00000000,buy,2022-05-12 21:44:37.273412+00:00
2022-05-12T21:44:36.693997Z,70457913,0.45740000,7.68000000,buy,2022-05-12 21:44:36.693997+00:00
2022-05-12T21:44:36.226507Z,70457912,0.45750000,900.60000000,sell,2022-05-12 21:44:36.226507+00:00
2022-05-12T21:44:33.795721Z,70457911,0.45760000,8.58000000,sell,2022-05-12 21:44:33.795721+00:00
2022-05-12T21:44:33.136345Z,70457910,0.45760000,357.22000000,sell,2022-05-12 21:44:33.136345+00:00
2022-05-12T21:44:33.033007Z,70457909,0.45760000,104.58000000,sell,2022-05-12 21:44:33.033007+00:00
2022-05-12T21:44:32.630463Z,70457908,0.45740000,900.70000000,sell,2022-05-12 21:44:32.630463+00:00
2022-05-12T21:44:31.54037Z,70457907,0.45760000,500.09000000,sell,2022-05-12 21:44:31.540370+00:00
2022-05-12T21:44:31.174276Z,70457906,0.45740000,556.80000000,sell,2022-05-12 21:44:31.174276+00:00
2022-05-12T21:44:30.935275Z,70457905,0.45730000,1337.50000000,sell,2022-05-12 21:44:30.935275+00:00
2022-05-12T21:44:30.707023Z,70457904,0.45730000,2.80000000,sell,2022-05-12 21:44:30.707023+00:00
2022-05-12T21:44:30.448275Z,70457903,0.45680000,22698.05000000,sell,2022-05-12 21:44:30.448275+00:00
2022-05-12T21:44:30.43765Z,70457902,0.45680000,757.50000000,sell,2022-05-12 21:44:30.437650+00:00
2022-05-12T21:44:30.434285Z,70457901,0.45680000,1800.00000000,sell,2022-05-12 21:44:30.434285+00:00
2022-05-12T21:44:30.427864Z,70457900,0.45680000,15798.40000000,sell,2022-05-12 21:44:30.427864+00:00
2022-05-12T21:44:30.397197Z,70457899,0.45680000,765.34000000,buy,2022-05-12 21:44:30.397197+00:00
2022-05-12T21:44:30.397197Z,70457898,0.45680000,7500.00000000,buy,2022-05-12 21:44:30.397197+00:00
2022-05-12T21:44:30.397197Z,70457897,0.45680000,289.00000000,buy,2022-05-12 21:44:30.397197+00:00
2022-05-12T21:44:30.397197Z,70457896,0.45690000,556.70000000,buy,2022-05-12 21:44:30.397197+00:00
2022-05-12T21:44:30.397197Z,70457895,0.45690000,109.35000000,buy,2022-05-12 21:44:30.397197+00:00
2022-05-12T21:44:30.397197Z,70457894,0.45690000,870.00000000,buy,2022-05-12 21:44:30.397197+00:00
2022-05-12T21:44:30.397197Z,70457893,0.45700000,901.31000000,buy,2022-05-12 21:44:30.397197+00:00
2022-05-12T21:44:30.397197Z,70457892,0.45700000,870.00000000,buy,2022-05-12 21:44:30.397197+00:00
2022-05-12T21:44:30.397197Z,70457891,0.45710000,870.00000000,buy,2022-05-12 21:44:30.397197+00:00
2022-05-12T21:44:30.397197Z,70457890,0.45710000,447.05000000,buy,2022-05-12 21:44:30.397197+00:00
2022-05-12T21:44:30.397197Z,70457889,0.45710000,901.16000000,buy,2022-05-12 21:44:30.397197+00:00
2022-05-12T21:44:30.397197Z,70457888,0.45710000,1200.00000000,buy,2022-05-12 21:44:30.397197+00:00
2022-05-12T21:44:30.397197Z,70457887,0.45720000,1200.00000000,buy,2022-05-12 21:44:30.397197+00:00
2022-05-12T21:44:30.397197Z,70457886,0.45720000,901.15000000,buy,2022-05-12 21:44:30.397197+00:00
2022-05-12T21:44:28.370207Z,70457885,0.45730000,46.17000000,buy,2022-05-12 21:44:28.370207+00:00
2022-05-12T21:44:28.172118Z,70457884,0.45740000,4.45000000,sell,2022-05-12 21:44:28.172118+00:00
2022-05-12T21:44:28.050211Z,70457883,0.45740000,2.17000000,sell,2022-05-12 21:44:28.050211+00:00
2022-05-12T21:44:27.114275Z,70457882,0.45750000,2931.85000000,sell,2022-05-12 21:44:27.114275+00:00
2022-05-12T21:44:27.114275Z,70457881,0.45730000,327.51000000,sell,2022-05-12 21:44:27.114275+00:00
2022-05-12T21:44:26.612414Z,70457880,0.45730000,82.78000000,sell,2022-05-12 21:44:26.612414+00:00
2022-05-12T21:44:25.853574Z,70457879,0.45720000,4.80000000,buy,2022-05-12 21:44:25.853574+00:00
2022-05-12T21:44:25.103581Z,70457878,0.45710000,1337.50000000,sell,2022-05-12 21:44:25.103581+00:00
2022-05-12T21:44:24.304572Z,70457877,0.45690000,49.40000000,buy,2022-05-12 21:44:24.304572+00:00
2022-05-12T21:44:23.81892Z,70457876,0.45710000,557.17000000,sell,2022-05-12 21:44:23.818920+00:00
2022-05-12T21:44:23.483848Z,70457875,0.45680000,93.43000000,buy,2022-05-12 21:44:23.483848+00:00
2022-05-12T21:44:22.95353Z,70457874,0.45700000,226.55000000,sell,2022-05-12 21:44:22.953530+00:00
2022-05-12T21:44:22.95353Z,70457873,0.45690000,1200.00000000,sell,2022-05-12 21:44:22.953530+00:00
2022-05-12T21:44:22.95353Z,70457872,0.45690000,749.00000000,sell,2022-05-12 21:44:22.953530+00:00
2022-05-12T21:44:22.548927Z,70457871,0.45660000,411.62000000,buy,2022-05-12 21:44:22.548927+00:00
2022-05-12T21:44:22.548927Z,70457870,0.45670000,25.00000000,buy,2022-05-12 21:44:22.548927+00:00
2022-05-12T21:44:22.037162Z,70457869,0.45670000,129.15000000,buy,2022-05-12 21:44:22.037162+00:00
2022-05-12T21:44:21.670955Z,70457868,0.45670000,8.00000000,buy,2022-05-12 21:44:21.670955+00:00
2022-05-12T21:44:21.651246Z,70457867,0.45670000,629.29000000,buy,2022-05-12 21:44:21.651246+00:00
2022-05-12T21:44:21.297635Z,70457866,0.45670000,63.76000000,buy,2022-05-12 21:44:21.297635+00:00
2022-05-12T21:44:21.146503Z,70457865,0.45690000,209.55000000,sell,2022-05-12 21:44:21.146503+00:00
2022-05-12T21:44:20.561472Z,70457864,0.45670000,40.00000000,buy,2022-05-12 21:44:20.561472+00:00
2022-05-12T21:44:19.07275Z,70457863,0.45670000,83.24000000,buy,2022-05-12 21:44:19.072750+00:00
2022-05-12T21:44:18.958691Z,70457862,0.45710000,4869.16000000,sell,2022-05-12 21:44:18.958691+00:00
2022-05-12T21:44:18.958691Z,70457861,0.45710000,821.11000000,sell,2022-05-12 21:44:18.958691+00:00
2022-05-12T21:44:18.958691Z,70457860,0.45700000,902.14000000,sell,2022-05-12 21:44:18.958691+00:00
2022-05-12T21:44:18.958691Z,70457859,0.45700000,870.00000000,sell,2022-05-12 21:44:18.958691+00:00
2022-05-12T21:44:18.958691Z,70457858,0.45700000,109.49000000,sell,2022-05-12 21:44:18.958691+00:00
2022-05-12T21:44:18.958691Z,70457857,0.45700000,329.80000000,sell,2022-05-12 21:44:18.958691+00:00
2022-05-12T21:44:18.958691Z,70457856,0.45690000,410.38000000,sell,2022-05-12 21:44:18.958691+00:00
2022-05-12T21:44:18.958691Z,70457855,0.45690000,1200.00000000,sell,2022-05-12 21:44:18.958691+00:00
2022-05-12T21:44:18.958691Z,70457854,0.45680000,1200.00000000,sell,2022-05-12 21:44:18.958691+00:00
2022-05-12T21:44:18.62374Z,70457853,0.45660000,750.00000000,buy,2022-05-12 21:44:18.623740+00:00
2022-05-12T21:44:17.6657Z,70457852,0.45700000,227.58000000,sell,2022-05-12 21:44:17.665700+00:00
2022-05-12T21:44:17.6657Z,70457851,0.45690000,410.38000000,sell,2022-05-12 21:44:17.665700+00:00
2022-05-12T21:44:17.6657Z,70457850,0.45690000,870.00000000,sell,2022-05-12 21:44:17.665700+00:00
2022-05-12T21:44:17.6657Z,70457849,0.45680000,1200.00000000,sell,2022-05-12 21:44:17.665700+00:00
2022-05-12T21:44:17.607432Z,70457848,0.45680000,376.50000000,sell,2022-05-12 21:44:17.607432+00:00
2022-05-12T21:44:17.607432Z,70457847,0.45680000,902.20000000,sell,2022-05-12 21:44:17.607432+00:00
2022-05-12T21:44:17.607432Z,70457846,0.45680000,277.78000000,sell,2022-05-12 21:44:17.607432+00:00
2022-05-12T21:44:17.607432Z,70457845,0.45680000,410.56000000,sell,2022-05-12 21:44:17.607432+00:00
2022-05-12T21:44:17.607432Z,70457844,0.45670000,588.80000000,sell,2022-05-12 21:44:17.607432+00:00
2022-05-12T21:44:17.2421Z,70457843,0.45670000,2.57000000,sell,2022-05-12 21:44:17.242100+00:00
2022-05-12T21:44:16.260355Z,70457842,0.45670000,211.13000000,sell,2022-05-12 21:44:16.260355+00:00
2022-05-12T21:44:15.760476Z,70457841,0.45680000,5.14000000,sell,2022-05-12 21:44:15.760476+00:00
2022-05-12T21:44:15.58411Z,70457840,0.45650000,24.88000000,buy,2022-05-12 21:44:15.584110+00:00
2022-05-12T21:44:14.221925Z,70457839,0.45650000,339.87000000,buy,2022-05-12 21:44:14.221925+00:00
2022-05-12T21:44:13.547018Z,70457838,0.45680000,368.00000000,buy,2022-05-12 21:44:13.547018+00:00
2022-05-12T21:44:12.953451Z,70457837,0.45690000,0.68000000,sell,2022-05-12 21:44:12.953451+00:00
2022-05-12T21:44:12.613125Z,70457836,0.45660000,140.73000000,buy,2022-05-12 21:44:12.613125+00:00
2022-05-12T21:44:12.311794Z,70457835,0.45690000,8.73000000,sell,2022-05-12 21:44:12.311794+00:00
2022-05-12T21:44:12.292016Z,70457834,0.45680000,50.95000000,sell,2022-05-12 21:44:12.292016+00:00
2022-05-12T21:44:12.292016Z,70457833,0.45670000,0.06000000,sell,2022-05-12 21:44:12.292016+00:00
2022-05-12T21:44:12.020297Z,70457832,0.45670000,410.50000000,sell,2022-05-12 21:44:12.020297+00:00
2022-05-12T21:44:11.743614Z,70457831,0.45660000,269.25000000,sell,2022-05-12 21:44:11.743614+00:00
2022-05-12T21:44:11.73599Z,70457830,0.45660000,141.40000000,sell,2022-05-12 21:44:11.735990+00:00
2022-05-12T21:44:11.73599Z,70457829,0.45660000,802.50000000,sell,2022-05-12 21:44:11.735990+00:00
2022-05-12T21:44:11.73599Z,70457828,0.45660000,749.00000000,sell,2022-05-12 21:44:11.735990+00:00
2022-05-12T21:44:11.694059Z,70457827,0.45650000,749.00000000,sell,2022-05-12 21:44:11.694059+00:00
2022-05-12T21:44:09.343515Z,70457826,0.45680000,88.17000000,sell,2022-05-12 21:44:09.343515+00:00
2022-05-12T21:44:08.553731Z,70457825,0.45690000,215.43000000,sell,2022-05-12 21:44:08.553731+00:00
2022-05-12T21:44:07.669372Z,70457824,0.45680000,88.37000000,buy,2022-05-12 21:44:07.669372+00:00
2022-05-12T21:44:07.261796Z,70457823,0.45710000,41.66000000,sell,2022-05-12 21:44:07.261796+00:00
2022-05-12T21:44:06.906543Z,70457822,0.45700000,556.56000000,buy,2022-05-12 21:44:06.906543+00:00
2022-05-12T21:44:06.754526Z,70457821,0.45710000,319.85000000,buy,2022-05-12 21:44:06.754526+00:00
2022-05-12T21:44:06.754526Z,70457820,0.45720000,500.00000000,buy,2022-05-12 21:44:06.754526+00:00
2022-05-12T21:44:06.618265Z,70457819,0.45730000,900.70000000,buy,2022-05-12 21:44:06.618265+00:00
2022-05-12T21:44:05.955174Z,70457818,0.45730000,801.29000000,buy,2022-05-12 21:44:05.955174+00:00
2022-05-12T21:44:05.703282Z,70457817,0.45750000,199.16000000,sell,2022-05-12 21:44:05.703282+00:00
2022-05-12T21:44:05.703282Z,70457816,0.45750000,900.80000000,sell,2022-05-12 21:44:05.703282+00:00
2022-05-12T21:44:05.703282Z,70457815,0.45750000,2700.00000000,sell,2022-05-12 21:44:05.703282+00:00
2022-05-12T21:44:05.703282Z,70457814,0.45750000,1200.00000000,sell,2022-05-12 21:44:05.703282+00:00
2022-05-12T21:44:05.703282Z,70457813,0.45750000,0.04000000,sell,2022-05-12 21:44:05.703282+00:00
2022-05-12T21:44:04.446349Z,70457812,0.45740000,2.17000000,buy,2022-05-12 21:44:04.446349+00:00
2022-05-12T21:44:03.598673Z,70457811,0.45750000,409.80000000,sell,2022-05-12 21:44:03.598673+00:00
2022-05-12T21:44:02.629137Z,70457810,0.45740000,230.21000000,sell,2022-05-12 21:44:02.629137+00:00
2022-05-12T21:43:55.098965Z,70457809,0.45690000,66.00000000,buy,2022-05-12 21:43:55.098965+00:00
2022-05-12T21:43:54.958078Z,70457808,0.45720000,108.72000000,sell,2022-05-12 21:43:54.958078+00:00
2022-05-12T21:43:53.767469Z,70457807,0.45690000,255.51000000,buy,2022-05-12 21:43:53.767469+00:00
2022-05-12T21:43:53.767469Z,70457806,0.45700000,573.55000000,buy,2022-05-12 21:43:53.767469+00:00
2022-05-12T21:43:53.767469Z,70457805,0.45710000,1200.00000000,buy,2022-05-12 21:43:53.767469+00:00
2022-05-12T21:43:53.056904Z,70457804,0.45710000,150.13000000,buy,2022-05-12 21:43:53.056904+00:00
2022-05-12T21:43:52.837621Z,70457803,0.45710000,35.03000000,buy,2022-05-12 21:43:52.837621+00:00
2022-05-12T21:43:52.552185Z,70457802,0.45730000,109.25000000,buy,2022-05-12 21:43:52.552185+00:00
2022-05-12T21:43:52.552185Z,70457801,0.45730000,6285.25000000,buy,2022-05-12 21:43:52.552185+00:00
2022-05-12T21:43:52.54869Z,70457800,0.45730000,60000.00000000,buy,2022-05-12 21:43:52.548690+00:00
2022-05-12T21:43:52.529099Z,70457799,0.45730000,1280.90000000,buy,2022-05-12 21:43:52.529099+00:00
2022-05-12T21:43:52.486569Z,70457798,0.45730000,263.36000000,buy,2022-05-12 21:43:52.486569+00:00
2022-05-12T21:43:52.486569Z,70457797,0.45730000,556.31000000,buy,2022-05-12 21:43:52.486569+00:00
2022-05-12T21:43:52.326743Z,70457796,0.45750000,105.89000000,sell,2022-05-12 21:43:52.326743+00:00
2022-05-12T21:43:52.010306Z,70457795,0.45760000,13.51000000,sell,2022-05-12 21:43:52.010306+00:00
2022-05-12T21:43:51.209949Z,70457794,0.45770000,210.48000000,sell,2022-05-12 21:43:51.209949+00:00
2022-05-12T21:43:50.761108Z,70457793,0.45760000,0.03000000,buy,2022-05-12 21:43:50.761108+00:00
2022-05-12T21:43:50.7108Z,70457792,0.45760000,1282.50000000,buy,2022-05-12 21:43:50.710800+00:00
2022-05-12T21:43:50.172679Z,70457791,0.45760000,54.97000000,buy,2022-05-12 21:43:50.172679+00:00
2022-05-12T21:43:49.869354Z,70457790,0.45780000,3.24000000,sell,2022-05-12 21:43:49.869354+00:00
2022-05-12T21:43:49.229604Z,70457789,0.45790000,6.49000000,sell,2022-05-12 21:43:49.229604+00:00
2022-05-12T21:43:48.820373Z,70457788,0.45790000,475.41000000,sell,2022-05-12 21:43:48.820373+00:00
2022-05-12T21:43:48.820373Z,70457787,0.45790000,318.31000000,sell,2022-05-12 21:43:48.820373+00:00
2022-05-12T21:43:48.820373Z,70457786,0.45790000,1200.00000000,sell,2022-05-12 21:43:48.820373+00:00
2022-05-12T21:43:48.820373Z,70457785,0.45790000,324.05000000,sell,2022-05-12 21:43:48.820373+00:00
2022-05-12T21:43:48.820373Z,70457784,0.45780000,944.87000000,sell,2022-05-12 21:43:48.820373+00:00
2022-05-12T21:43:48.801108Z,70457783,0.45780000,255.13000000,sell,2022-05-12 21:43:48.801108+00:00
2022-05-12T21:43:48.467845Z,70457782,0.45780000,627.58000000,sell,2022-05-12 21:43:48.467845+00:00
2022-05-12T21:43:48.301473Z,70457781,0.45760000,12.30000000,buy,2022-05-12 21:43:48.301473+00:00
2022-05-12T21:43:47.842685Z,70457780,0.45780000,521.11000000,sell,2022-05-12 21:43:47.842685+00:00
2022-05-12T21:43:47.378295Z,70457779,0.45760000,78.01000000,buy,2022-05-12 21:43:47.378295+00:00
2022-05-12T21:43:46.893328Z,70457778,0.45790000,40.27000000,sell,2022-05-12 21:43:46.893328+00:00
2022-05-12T21:43:46.269118Z,70457777,0.45790000,45.25000000,sell,2022-05-12 21:43:46.269118+00:00
2022-05-12T21:43:45.026503Z,70457776,0.45780000,108.49000000,sell,2022-05-12 21:43:45.026503+00:00
2022-05-12T21:43:45.010439Z,70457775,0.45780000,255.13000000,sell,2022-05-12 21:43:45.010439+00:00
2022-05-12T21:43:44.376326Z,70457774,0.45780000,49.87000000,sell,2022-05-12 21:43:44.376326+00:00
2022-05-12T21:43:44.305781Z,70457773,0.45780000,211.04000000,sell,2022-05-12 21:43:44.305781+00:00
2022-05-12T21:43:43.906779Z,70457772,0.45780000,100.00000000,sell,2022-05-12 21:43:43.906779+00:00
2022-05-12T21:43:43.693018Z,70457771,0.45760000,0.05000000,sell,2022-05-12 21:43:43.693018+00:00
2022-05-12T21:43:43.645408Z,70457770,0.45760000,381.70000000,sell,2022-05-12 21:43:43.645408+00:00
2022-05-12T21:43:41.932929Z,70457769,0.45760000,8.72000000,sell,2022-05-12 21:43:41.932929+00:00
2022-05-12T21:43:41.759721Z,70457768,0.45760000,19.55000000,sell,2022-05-12 21:43:41.759721+00:00
2022-05-12T21:43:41.422076Z,70457767,0.45740000,1180.90000000,sell,2022-05-12 21:43:41.422076+00:00
2022-05-12T21:43:41.3907Z,70457766,0.45740000,103.10000000,sell,2022-05-12 21:43:41.390700+00:00
2022-05-12T21:43:39.800828Z,70457765,0.45740000,2.15000000,sell,2022-05-12 21:43:39.800828+00:00
2022-05-12T21:43:39.51934Z,70457764,0.45720000,8.70000000,sell,2022-05-12 21:43:39.519340+00:00
2022-05-12T21:43:39.099925Z,70457763,0.45740000,517.27000000,sell,2022-05-12 21:43:39.099925+00:00
2022-05-12T21:43:39.099925Z,70457762,0.45740000,482.73000000,sell,2022-05-12 21:43:39.099925+00:00
2022-05-12T21:43:38.168462Z,70457761,0.45740000,717.27000000,sell,2022-05-12 21:43:38.168462+00:00
2022-05-12T21:43:37.94768Z,70457760,0.45750000,108.63000000,sell,2022-05-12 21:43:37.947680+00:00
2022-05-12T21:43:36.766199Z,70457759,0.45710000,2.28000000,buy,2022-05-12 21:43:36.766199+00:00
2022-05-12T21:43:35.212718Z,70457758,0.45740000,325.24000000,sell,2022-05-12 21:43:35.212718+00:00
2022-05-12T21:43:35.212718Z,70457757,0.45730000,0.07000000,sell,2022-05-12 21:43:35.212718+00:00
2022-05-12T21:43:34.490756Z,70457756,0.45730000,1765.70000000,sell,2022-05-12 21:43:34.490756+00:00
2022-05-12T21:43:34.446395Z,70457755,0.45730000,534.23000000,sell,2022-05-12 21:43:34.446395+00:00
2022-05-12T21:43:33.784886Z,70457754,0.45730000,340.84000000,sell,2022-05-12 21:43:33.784886+00:00
2022-05-12T21:43:33.268119Z,70457753,0.45750000,1.43000000,buy,2022-05-12 21:43:33.268119+00:00
2022-05-12T21:43:32.958603Z,70457752,0.45750000,500.00000000,buy,2022-05-12 21:43:32.958603+00:00
2022-05-12T21:43:32.707661Z,70457751,0.45780000,0.06000000,buy,2022-05-12 21:43:32.707661+00:00
2022-05-12T21:43:32.647637Z,70457750,0.45790000,0.06000000,buy,2022-05-12 21:43:32.647637+00:00
2022-05-12T21:43:32.644049Z,70457749,0.45790000,159.90000000,buy,2022-05-12 21:43:32.644049+00:00
2022-05-12T21:43:32.627683Z,70457748,0.45790000,400.00000000,sell,2022-05-12 21:43:32.627683+00:00
2022-05-12T21:43:32.537321Z,70457747,0.45780000,559.90000000,buy,2022-05-12 21:43:32.537321+00:00
2022-05-12T21:43:32.288263Z,70457746,0.45770000,899.80000000,buy,2022-05-12 21:43:32.288263+00:00
2022-05-12T21:43:31.98567Z,70457745,0.45780000,818.41000000,buy,2022-05-12 21:43:31.985670+00:00
2022-05-12T21:43:31.893664Z,70457744,0.45790000,0.03000000,buy,2022-05-12 21:43:31.893664+00:00
2022-05-12T21:43:31.87839Z,70457743,0.45790000,555.54000000,buy,2022-05-12 21:43:31.878390+00:00
2022-05-12T21:43:31.87839Z,70457742,0.45790000,4550.16000000,buy,2022-05-12 21:43:31.878390+00:00
2022-05-12T21:43:31.87839Z,70457741,0.45790000,870.00000000,buy,2022-05-12 21:43:31.878390+00:00
2022-05-12T21:43:31.688417Z,70457740,0.45810000,817.70000000,buy,2022-05-12 21:43:31.688417+00:00
2022-05-12T21:43:31.688417Z,70457739,0.45810000,870.00000000,buy,2022-05-12 21:43:31.688417+00:00
2022-05-12T21:43:31.166149Z,70457738,0.45840000,108.55000000,sell,2022-05-12 21:43:31.166149+00:00
2022-05-12T21:43:30.551026Z,70457737,0.45840000,260.50000000,sell,2022-05-12 21:43:30.551026+00:00
2022-05-12T21:43:29.265243Z,70457736,0.45860000,120.36000000,sell,2022-05-12 21:43:29.265243+00:00
2022-05-12T21:43:29.265243Z,70457735,0.45860000,90.03000000,sell,2022-05-12 21:43:29.265243+00:00
2022-05-12T21:43:29.178936Z,70457734,0.45860000,318.83000000,sell,2022-05-12 21:43:29.178936+00:00
2022-05-12T21:43:28.615403Z,70457733,0.45860000,112.92000000,sell,2022-05-12 21:43:28.615403+00:00
2022-05-12T21:43:27.449086Z,70457732,0.45830000,105.00000000,buy,2022-05-12 21:43:27.449086+00:00
2022-05-12T21:43:25.428697Z,70457731,0.45830000,4.33000000,sell,2022-05-12 21:43:25.428697+00:00
2022-05-12T21:43:25.052432Z,70457730,0.45820000,555.30000000,buy,2022-05-12 21:43:25.052432+00:00
2022-05-12T21:43:25.004768Z,70457729,0.45820000,817.70000000,buy,2022-05-12 21:43:25.004768+00:00
2022-05-12T21:43:24.880225Z,70457728,0.45860000,6.53000000,sell,2022-05-12 21:43:24.880225+00:00
2022-05-12T21:43:24.2025Z,70457727,0.45860000,15.23000000,sell,2022-05-12 21:43:24.202500+00:00
2022-05-12T21:43:24.020159Z,70457726,0.45840000,817.52000000,buy,2022-05-12 21:43:24.020159+00:00
2022-05-12T21:43:23.981031Z,70457725,0.45840000,1019.99000000,buy,2022-05-12 21:43:23.981031+00:00
2022-05-12T21:43:22.959534Z,70457724,0.45840000,180.00000000,buy,2022-05-12 21:43:22.959534+00:00
2022-05-12T21:43:22.891129Z,70457723,0.45840000,109.06000000,buy,2022-05-12 21:43:22.891129+00:00
2022-05-12T21:43:22.891129Z,70457722,0.45840000,817.52000000,buy,2022-05-12 21:43:22.891129+00:00
2022-05-12T21:43:22.891129Z,70457721,0.45840000,870.00000000,buy,2022-05-12 21:43:22.891129+00:00
2022-05-12T21:43:22.426083Z,70457720,0.45870000,4.36000000,sell,2022-05-12 21:43:22.426083+00:00
2022-05-12T21:43:21.863742Z,70457719,0.45850000,428.00000000,buy,2022-05-12 21:43:21.863742+00:00
2022-05-12T21:43:21.658507Z,70457718,0.45850000,400.00000000,buy,2022-05-12 21:43:21.658507+00:00
2022-05-12T21:43:21.640959Z,70457717,0.45860000,1230.50000000,buy,2022-05-12 21:43:21.640959+00:00
2022-05-12T21:43:20.42207Z,70457716,0.45880000,43.33000000,sell,2022-05-12 21:43:20.422070+00:00
2022-05-12T21:43:19.88283Z,70457715,0.45880000,24.05000000,sell,2022-05-12 21:43:19.882830+00:00
2022-05-12T21:43:18.818053Z,70457714,0.45880000,393.29000000,sell,2022-05-12 21:43:18.818053+00:00
2022-05-12T21:43:18.818053Z,70457713,0.45880000,36.32000000,sell,2022-05-12 21:43:18.818053+00:00
2022-05-12T21:43:18.802101Z,70457712,0.45850000,551.40000000,buy,2022-05-12 21:43:18.802101+00:00
2022-05-12T21:43:18.802101Z,70457711,0.45860000,1149.15000000,buy,2022-05-12 21:43:18.802101+00:00
2022-05-12T21:43:18.678679Z,70457710,0.45860000,50.85000000,buy,2022-05-12 21:43:18.678679+00:00
2022-05-12T21:43:18.66716Z,70457709,0.45880000,209.42000000,sell,2022-05-12 21:43:18.667160+00:00
2022-05-12T21:43:18.36603Z,70457708,0.45880000,517.63000000,sell,2022-05-12 21:43:18.366030+00:00
2022-05-12T21:43:18.36603Z,70457707,0.45880000,555.24000000,sell,2022-05-12 21:43:18.366030+00:00
2022-05-12T21:43:18.36603Z,70457706,0.45880000,2224.71000000,sell,2022-05-12 21:43:18.366030+00:00
2022-05-12T21:43:18.36603Z,70457705,0.45880000,870.00000000,sell,2022-05-12 21:43:18.366030+00:00
2022-05-12T21:43:18.36603Z,70457704,0.45880000,14354.50000000,sell,2022-05-12 21:43:18.366030+00:00
2022-05-12T21:43:18.36603Z,70457703,0.45870000,224.64000000,sell,2022-05-12 21:43:18.366030+00:00
2022-05-12T21:43:18.36603Z,70457702,0.45870000,870.00000000,sell,2022-05-12 21:43:18.366030+00:00
2022-05-12T21:43:18.36603Z,70457701,0.45860000,1200.00000000,sell,2022-05-12 21:43:18.366030+00:00
2022-05-12T21:43:18.36603Z,70457700,0.45860000,40.61000000,sell,2022-05-12 21:43:18.366030+00:00
2022-05-12T21:43:17.835352Z,70457699,0.45860000,11.39000000,sell,2022-05-12 21:43:17.835352+00:00
2022-05-12T21:43:17.835352Z,70457698,0.45850000,1.19000000,sell,2022-05-12 21:43:17.835352+00:00
2022-05-12T21:43:17.835352Z,70457697,0.45840000,0.85000000,sell,2022-05-12 21:43:17.835352+00:00
2022-05-12T21:43:17.612342Z,70457696,0.45830000,118.71000000,buy,2022-05-12 21:43:17.612342+00:00
2022-05-12T21:43:16.045707Z,70457695,0.45840000,68.58000000,sell,2022-05-12 21:43:16.045707+00:00
2022-05-12T21:43:16.045707Z,70457694,0.45830000,105.11000000,sell,2022-05-12 21:43:16.045707+00:00
2022-05-12T21:43:16.004356Z,70457693,0.45820000,55.24000000,sell,2022-05-12 21:43:16.004356+00:00
2022-05-12T21:43:16.004356Z,70457692,0.45820000,43.18000000,sell,2022-05-12 21:43:16.004356+00:00
2022-05-12T21:43:15.515681Z,70457691,0.45810000,316.00000000,sell,2022-05-12 21:43:15.515681+00:00
2022-05-12T21:43:14.85346Z,70457690,0.45810000,543.02000000,sell,2022-05-12 21:43:14.853460+00:00
2022-05-12T21:43:14.85346Z,70457689,0.45810000,109.24000000,sell,2022-05-12 21:43:14.853460+00:00
2022-05-12T21:43:14.820206Z,70457688,0.45800000,355.31000000,sell,2022-05-12 21:43:14.820206+00:00
2022-05-12T21:43:14.820206Z,70457687,0.45790000,1.19000000,sell,2022-05-12 21:43:14.820206+00:00
2022-05-12T21:43:12.581667Z,70457686,0.45770000,108.00000000,sell,2022-05-12 21:43:12.581667+00:00
2022-05-12T21:43:11.899891Z,70457685,0.45760000,53.86000000,sell,2022-05-12 21:43:11.899891+00:00
2022-05-12T21:43:11.864212Z,70457684,0.45750000,802.50000000,buy,2022-05-12 21:43:11.864212+00:00
2022-05-12T21:43:11.310768Z,70457683,0.45770000,313.66000000,sell,2022-05-12 21:43:11.310768+00:00
2022-05-12T21:43:11.310768Z,70457682,0.45770000,5.30000000,sell,2022-05-12 21:43:11.310768+00:00
2022-05-12T21:43:11.310768Z,70457681,0.45760000,1138.92000000,sell,2022-05-12 21:43:11.310768+00:00
2022-05-12T21:43:10.297656Z,70457680,0.45740000,2.00000000,buy,2022-05-12 21:43:10.297656+00:00
2022-05-12T21:43:10.121642Z,70457679,0.45760000,61.08000000,sell,2022-05-12 21:43:10.121642+00:00
2022-05-12T21:43:09.543815Z,70457678,0.45730000,0.01000000,sell,2022-05-12 21:43:09.543815+00:00
2022-05-12T21:43:09.260325Z,70457677,0.45730000,1.18000000,sell,2022-05-12 21:43:09.260325+00:00
2022-05-12T21:43:07.749466Z,70457676,0.45720000,349.50000000,sell,2022-05-12 21:43:07.749466+00:00
2022-05-12T21:43:07.33183Z,70457675,0.45690000,0.30000000,sell,2022-05-12 21:43:07.331830+00:00
2022-05-12T21:43:07.208429Z,70457674,0.45690000,458.90000000,sell,2022-05-12 21:43:07.208429+00:00
2022-05-12T21:43:07.208429Z,70457673,0.45680000,15.10000000,sell,2022-05-12 21:43:07.208429+00:00
2022-05-12T21:43:06.654925Z,70457672,0.45680000,0.99000000,sell,2022-05-12 21:43:06.654925+00:00
2022-05-12T21:43:06.654925Z,70457671,0.45680000,1.19000000,sell,2022-05-12 21:43:06.654925+00:00
2022-05-12T21:43:06.298784Z,70457670,0.45670000,104.67000000,sell,2022-05-12 21:43:06.298784+00:00
2022-05-12T21:43:06.162105Z,70457669,0.45650000,636.65000000,buy,2022-05-12 21:43:06.162105+00:00
2022-05-12T21:43:06.162105Z,70457668,0.45650000,276.94000000,buy,2022-05-12 21:43:06.162105+00:00
2022-05-12T21:43:05.739853Z,70457667,0.45650000,525.56000000,buy,2022-05-12 21:43:05.739853+00:00
2022-05-12T21:43:05.60248Z,70457666,0.45670000,750.00000000,sell,2022-05-12 21:43:05.602480+00:00
2022-05-12T21:43:05.349115Z,70457665,0.45670000,179.06000000,sell,2022-05-12 21:43:05.349115+00:00
2022-05-12T21:43:05.349115Z,70457664,0.45670000,138.92000000,sell,2022-05-12 21:43:05.349115+00:00
2022-05-12T21:43:05.349115Z,70457663,0.45660000,20.62000000,sell,2022-05-12 21:43:05.349115+00:00
2022-05-12T21:43:05.349115Z,70457662,0.45650000,66.71000000,sell,2022-05-12 21:43:05.349115+00:00
2022-05-12T21:43:03.665517Z,70457661,0.45640000,429.61000000,sell,2022-05-12 21:43:03.665517+00:00
2022-05-12T21:43:03.141702Z,70457660,0.45620000,268.53000000,buy,2022-05-12 21:43:03.141702+00:00
2022-05-12T21:43:02.255007Z,70457659,0.45640000,29.41000000,sell,2022-05-12 21:43:02.255007+00:00
2022-05-12T21:43:02.255007Z,70457658,0.45640000,35.90000000,sell,2022-05-12 21:43:02.255007+00:00
2022-05-12T21:43:01.852525Z,70457657,0.45600000,324.31000000,buy,2022-05-12 21:43:01.852525+00:00
2022-05-12T21:43:01.852525Z,70457656,0.45600000,870.00000000,buy,2022-05-12 21:43:01.852525+00:00
2022-05-12T21:43:01.852525Z,70457655,0.45610000,2.48000000,buy,2022-05-12 21:43:01.852525+00:00
2022-05-12T21:43:01.852525Z,70457654,0.45610000,500.00000000,buy,2022-05-12 21:43:01.852525+00:00
2022-05-12T21:43:01.572868Z,70457653,0.45620000,479.20000000,sell,2022-05-12 21:43:01.572868+00:00
2022-05-12T21:43:01.472445Z,70457652,0.45620000,240.99000000,sell,2022-05-12 21:43:01.472445+00:00
2022-05-12T21:43:00.87842Z,70457651,0.45620000,43.37000000,sell,2022-05-12 21:43:00.878420+00:00
2022-05-12T21:42:59.191602Z,70457650,0.45620000,537.12000000,sell,2022-05-12 21:42:59.191602+00:00
2022-05-12T21:42:58.8265Z,70457649,0.45620000,211.73000000,sell,2022-05-12 21:42:58.826500+00:00
2022-05-12T21:42:58.332384Z,70457648,0.45630000,109.13000000,sell,2022-05-12 21:42:58.332384+00:00
2022-05-12T21:42:57.475397Z,70457647,0.45610000,756.19000000,buy,2022-05-12 21:42:57.475397+00:00
2022-05-12T21:42:57.475397Z,70457646,0.45610000,1200.00000000,buy,2022-05-12 21:42:57.475397+00:00
2022-05-12T21:42:57.475397Z,70457645,0.45610000,313.94000000,buy,2022-05-12 21:42:57.475397+00:00
2022-05-12T21:42:57.475397Z,70457644,0.45610000,100.36000000,buy,2022-05-12 21:42:57.475397+00:00
2022-05-12T21:42:57.414758Z,70457643,0.45630000,8.16000000,sell,2022-05-12 21:42:57.414758+00:00
2022-05-12T21:42:56.417619Z,70457642,0.45610000,10.14000000,buy,2022-05-12 21:42:56.417619+00:00
2022-05-12T21:42:56.044184Z,70457641,0.45630000,429.70000000,sell,2022-05-12 21:42:56.044184+00:00
2022-05-12T21:42:53.580244Z,70457640,0.45630000,15.06000000,sell,2022-05-12 21:42:53.580244+00:00
2022-05-12T21:42:51.436561Z,70457639,0.45630000,242.50000000,sell,2022-05-12 21:42:51.436561+00:00
2022-05-12T21:42:50.114257Z,70457638,0.45610000,103.00000000,buy,2022-05-12 21:42:50.114257+00:00
2022-05-12T21:42:47.476829Z,70457637,0.45630000,49.50000000,sell,2022-05-12 21:42:47.476829+00:00
2022-05-12T21:42:47.476829Z,70457636,0.45630000,55.24000000,sell,2022-05-12 21:42:47.476829+00:00
2022-05-12T21:42:46.97202Z,70457635,0.45610000,742.78000000,sell,2022-05-12 21:42:46.972020+00:00
2022-05-12T21:42:46.97202Z,70457634,0.45610000,840.42000000,sell,2022-05-12 21:42:46.972020+00:00
2022-05-12T21:42:46.967374Z,70457633,0.45610000,400.00000000,sell,2022-05-12 21:42:46.967374+00:00
2022-05-12T21:42:46.390253Z,70457632,0.45590000,275.42000000,buy,2022-05-12 21:42:46.390253+00:00
2022-05-12T21:42:46.390253Z,70457631,0.45590000,0.08000000,buy,2022-05-12 21:42:46.390253+00:00
2022-05-12T21:42:46.326989Z,70457630,0.45610000,43.58000000,sell,2022-05-12 21:42:46.326989+00:00
2022-05-12T21:42:45.525144Z,70457629,0.45610000,5.25000000,sell,2022-05-12 21:42:45.525144+00:00
2022-05-12T21:42:45.079937Z,70457628,0.45590000,2184.60000000,buy,2022-05-12 21:42:45.079937+00:00
2022-05-12T21:42:45.079937Z,70457627,0.45590000,695.50000000,buy,2022-05-12 21:42:45.079937+00:00
2022-05-12T21:42:44.178887Z,70457626,0.45600000,129.15000000,sell,2022-05-12 21:42:44.178887+00:00
2022-05-12T21:42:43.610265Z,70457625,0.45590000,53.44000000,buy,2022-05-12 21:42:43.610265+00:00
2022-05-12T21:42:41.080706Z,70457624,0.45600000,538.55000000,sell,2022-05-12 21:42:41.080706+00:00
2022-05-12T21:42:41.080706Z,70457623,0.45590000,537.18000000,sell,2022-05-12 21:42:41.080706+00:00
2022-05-12T21:42:40.750649Z,70457622,0.45590000,211.82000000,sell,2022-05-12 21:42:40.750649+00:00
2022-05-12T21:42:40.309609Z,70457621,0.45580000,38.08000000,buy,2022-05-12 21:42:40.309609+00:00
2022-05-12T21:42:39.807506Z,70457620,0.45600000,289.04000000,sell,2022-05-12 21:42:39.807506+00:00
2022-05-12T21:42:39.807506Z,70457619,0.45590000,141.23000000,sell,2022-05-12 21:42:39.807506+00:00
2022-05-12T21:42:39.45903Z,70457618,0.45590000,4.22000000,sell,2022-05-12 21:42:39.459030+00:00
2022-05-12T21:42:39.40037Z,70457617,0.45590000,657.05000000,sell,2022-05-12 21:42:39.400370+00:00
2022-05-12T21:42:38.74101Z,70457616,0.45600000,49.23000000,sell,2022-05-12 21:42:38.741010+00:00
2022-05-12T21:42:38.242444Z,70457615,0.45590000,31.26000000,buy,2022-05-12 21:42:38.242444+00:00
2022-05-12T21:42:36.415958Z,70457614,0.45620000,209.78000000,sell,2022-05-12 21:42:36.415958+00:00
2022-05-12T21:42:36.14463Z,70457613,0.45590000,335.92000000,buy,2022-05-12 21:42:36.144630+00:00
2022-05-12T21:42:35.438544Z,70457612,0.45610000,211.87000000,sell,2022-05-12 21:42:35.438544+00:00
2022-05-12T21:42:33.966672Z,70457611,0.45610000,481.64000000,sell,2022-05-12 21:42:33.966672+00:00
2022-05-12T21:42:33.966672Z,70457610,0.45610000,612.64000000,sell,2022-05-12 21:42:33.966672+00:00
2022-05-12T21:42:33.843698Z,70457609,0.45610000,51.91000000,sell,2022-05-12 21:42:33.843698+00:00
2022-05-12T21:42:33.5157Z,70457608,0.45610000,30.95000000,sell,2022-05-12 21:42:33.515700+00:00
2022-05-12T21:42:33.121041Z,70457607,0.45590000,826.87000000,buy,2022-05-12 21:42:33.121041+00:00
2022-05-12T21:42:33.121041Z,70457606,0.45600000,1085.92000000,buy,2022-05-12 21:42:33.121041+00:00
2022-05-12T21:42:32.815622Z,70457605,0.45600000,114.08000000,buy,2022-05-12 21:42:32.815622+00:00
2022-05-12T21:42:32.730296Z,70457604,0.45600000,1177.00000000,sell,2022-05-12 21:42:32.730296+00:00
2022-05-12T21:42:32.696722Z,70457603,0.45600000,749.00000000,sell,2022-05-12 21:42:32.696722+00:00
2022-05-12T21:42:32.26804Z,70457602,0.45590000,965.02000000,buy,2022-05-12 21:42:32.268040+00:00
2022-05-12T21:42:31.536978Z,70457601,0.45610000,127.89000000,sell,2022-05-12 21:42:31.536978+00:00
2022-05-12T21:42:30.862794Z,70457600,0.45600000,24.11000000,buy,2022-05-12 21:42:30.862794+00:00
2022-05-12T21:42:29.891702Z,70457599,0.45630000,11.23000000,sell,2022-05-12 21:42:29.891702+00:00
2022-05-12T21:42:29.891702Z,70457598,0.45630000,1.18000000,sell,2022-05-12 21:42:29.891702+00:00
2022-05-12T21:42:29.891702Z,70457597,0.45620000,7.27000000,sell,2022-05-12 21:42:29.891702+00:00
2022-05-12T21:42:29.876708Z,70457596,0.45610000,19.68000000,sell,2022-05-12 21:42:29.876708+00:00
2022-05-12T21:42:25.71609Z,70457595,0.45610000,2.30000000,sell,2022-05-12 21:42:25.716090+00:00
2022-05-12T21:42:24.987959Z,70457594,0.45590000,6.50000000,buy,2022-05-12 21:42:24.987959+00:00
2022-05-12T21:42:24.987959Z,70457593,0.45590000,109.67000000,buy,2022-05-12 21:42:24.987959+00:00
2022-05-12T21:42:24.056661Z,70457592,0.45610000,809.86000000,sell,2022-05-12 21:42:24.056661+00:00
2022-05-12T21:42:24.056661Z,70457591,0.45610000,51.10000000,sell,2022-05-12 21:42:24.056661+00:00
2022-05-12T21:42:22.461019Z,70457590,0.45580000,701.02000000,buy,2022-05-12 21:42:22.461019+00:00
2022-05-12T21:42:22.461019Z,70457589,0.45580000,208.00000000,buy,2022-05-12 21:42:22.461019+00:00
2022-05-12T21:42:22.461019Z,70457588,0.45580000,2.02000000,buy,2022-05-12 21:42:22.461019+00:00
2022-05-12T21:42:22.437371Z,70457587,0.45600000,19.68000000,sell,2022-05-12 21:42:22.437371+00:00
2022-05-12T21:42:22.437371Z,70457586,0.45600000,0.01000000,sell,2022-05-12 21:42:22.437371+00:00
2022-05-12T21:42:22.198476Z,70457585,0.45600000,58.00000000,sell,2022-05-12 21:42:22.198476+00:00
2022-05-12T21:42:22.060342Z,70457584,0.45590000,301.65000000,sell,2022-05-12 21:42:22.060342+00:00
2022-05-12T21:42:21.911014Z,70457583,0.45590000,104.87000000,sell,2022-05-12 21:42:21.911014+00:00
2022-05-12T21:42:20.850063Z,70457582,0.45590000,4.94000000,sell,2022-05-12 21:42:20.850063+00:00
2022-05-12T21:42:20.55091Z,70457581,0.45580000,51.35000000,sell,2022-05-12 21:42:20.550910+00:00
2022-05-12T21:42:20.214686Z,70457580,0.45570000,1.22000000,sell,2022-05-12 21:42:20.214686+00:00
2022-05-12T21:42:20.214686Z,70457579,0.45560000,0.03000000,sell,2022-05-12 21:42:20.214686+00:00
2022-05-12T21:42:19.80679Z,70457578,0.45550000,440.63000000,buy,2022-05-12 21:42:19.806790+00:00
2022-05-12T21:42:19.462172Z,70457577,0.45560000,23.20000000,sell,2022-05-12 21:42:19.462172+00:00
2022-05-12T21:42:19.397525Z,70457576,0.45560000,204.77000000,sell,2022-05-12 21:42:19.397525+00:00
2022-05-12T21:42:18.929704Z,70457575,0.45590000,646.97000000,sell,2022-05-12 21:42:18.929704+00:00
2022-05-12T21:42:18.929704Z,70457574,0.45590000,870.00000000,sell,2022-05-12 21:42:18.929704+00:00
2022-05-12T21:42:18.929704Z,70457573,0.45590000,109.76000000,sell,2022-05-12 21:42:18.929704+00:00
2022-05-12T21:42:18.929704Z,70457572,0.45590000,398.31000000,sell,2022-05-12 21:42:18.929704+00:00
2022-05-12T21:42:18.929704Z,70457571,0.45590000,768.27000000,sell,2022-05-12 21:42:18.929704+00:00
2022-05-12T21:42:18.929704Z,70457570,0.45590000,4748.47000000,sell,2022-05-12 21:42:18.929704+00:00
2022-05-12T21:42:18.929704Z,70457569,0.45580000,558.05000000,sell,2022-05-12 21:42:18.929704+00:00
2022-05-12T21:42:18.929704Z,70457568,0.45580000,870.00000000,sell,2022-05-12 21:42:18.929704+00:00
2022-05-12T21:42:18.929704Z,70457567,0.45570000,326.52000000,sell,2022-05-12 21:42:18.929704+00:00
2022-05-12T21:42:18.929704Z,70457566,0.45570000,411.73000000,sell,2022-05-12 21:42:18.929704+00:00
2022-05-12T21:42:18.929704Z,70457565,0.45560000,1200.00000000,sell,2022-05-12 21:42:18.929704+00:00
2022-05-12T21:42:18.212736Z,70457564,0.45550000,400.00000000,sell,2022-05-12 21:42:18.212736+00:00
2022-05-12T21:42:18.027682Z,70457563,0.45540000,306.80000000,sell,2022-05-12 21:42:18.027682+00:00
2022-05-12T21:42:17.049861Z,70457562,0.45540000,104.86000000,sell,2022-05-12 21:42:17.049861+00:00
2022-05-12T21:42:16.025553Z,70457561,0.45540000,211.64000000,sell,2022-05-12 21:42:16.025553+00:00
2022-05-12T21:42:15.070056Z,70457560,0.45520000,400.00000000,buy,2022-05-12 21:42:15.070056+00:00
2022-05-12T21:42:15.062607Z,70457559,0.45520000,965.36000000,buy,2022-05-12 21:42:15.062607+00:00
2022-05-12T21:42:15.062607Z,70457558,0.45520000,0.01000000,buy,2022-05-12 21:42:15.062607+00:00
2022-05-12T21:42:15.059306Z,70457557,0.45520000,558.10000000,buy,2022-05-12 21:42:15.059306+00:00
2022-05-12T21:42:15.029893Z,70457556,0.45530000,904.64000000,buy,2022-05-12 21:42:15.029893+00:00
2022-05-12T21:42:15.029893Z,70457555,0.45530000,964.92000000,buy,2022-05-12 21:42:15.029893+00:00
2022-05-12T21:42:14.285286Z,70457554,0.45560000,72.12000000,sell,2022-05-12 21:42:14.285286+00:00
2022-05-12T21:42:14.114956Z,70457553,0.45560000,10.95000000,sell,2022-05-12 21:42:14.114956+00:00
2022-05-12T21:42:13.460536Z,70457552,0.45560000,12.61000000,sell,2022-05-12 21:42:13.460536+00:00
2022-05-12T21:42:13.416936Z,70457551,0.45560000,51.35000000,sell,2022-05-12 21:42:13.416936+00:00
2022-05-12T21:42:13.364444Z,70457550,0.45550000,50.00000000,buy,2022-05-12 21:42:13.364444+00:00
2022-05-12T21:42:13.202012Z,70457549,0.45530000,966.52000000,buy,2022-05-12 21:42:13.202012+00:00
2022-05-12T21:42:13.202012Z,70457548,0.45530000,870.00000000,buy,2022-05-12 21:42:13.202012+00:00
2022-05-12T21:42:13.202012Z,70457547,0.45530000,500.00000000,buy,2022-05-12 21:42:13.202012+00:00
2022-05-12T21:42:13.17888Z,70457546,0.45540000,870.00000000,buy,2022-05-12 21:42:13.178880+00:00
2022-05-12T21:42:13.17888Z,70457545,0.45540000,966.31000000,buy,2022-05-12 21:42:13.178880+00:00
2022-05-12T21:42:12.403838Z,70457544,0.45540000,1188.23000000,sell,2022-05-12 21:42:12.403838+00:00
2022-05-12T21:42:12.278886Z,70457543,0.45540000,10.68000000,sell,2022-05-12 21:42:12.278886+00:00
2022-05-12T21:42:11.160732Z,70457542,0.45550000,53.27000000,sell,2022-05-12 21:42:11.160732+00:00
2022-05-12T21:42:10.970264Z,70457541,0.45530000,10.02000000,buy,2022-05-12 21:42:10.970264+00:00
2022-05-12T21:42:10.056599Z,70457540,0.45530000,500.00000000,buy,2022-05-12 21:42:10.056599+00:00
2022-05-12T21:42:09.452855Z,70457539,0.45530000,0.06000000,sell,2022-05-12 21:42:09.452855+00:00
2022-05-12T21:42:09.380243Z,70457538,0.45530000,1688.30000000,sell,2022-05-12 21:42:09.380243+00:00
2022-05-12T21:42:08.665081Z,70457537,0.45530000,211.64000000,sell,2022-05-12 21:42:08.665081+00:00
2022-05-12T21:42:08.293185Z,70457536,0.45540000,40.40000000,sell,2022-05-12 21:42:08.293185+00:00
2022-05-12T21:42:07.848459Z,70457535,0.45540000,45.25000000,sell,2022-05-12 21:42:07.848459+00:00
2022-05-12T21:42:07.829194Z,70457534,0.45520000,967.19000000,buy,2022-05-12 21:42:07.829194+00:00
2022-05-12T21:42:07.829194Z,70457533,0.45520000,822.90000000,buy,2022-05-12 21:42:07.829194+00:00
2022-05-12T21:42:07.829194Z,70457532,0.45520000,870.00000000,buy,2022-05-12 21:42:07.829194+00:00
2022-05-12T21:42:07.829194Z,70457531,0.45520000,5718.10000000,buy,2022-05-12 21:42:07.829194+00:00
2022-05-12T21:42:07.42908Z,70457530,0.45550000,105.00000000,sell,2022-05-12 21:42:07.429080+00:00
2022-05-12T21:42:06.426962Z,70457529,0.45550000,202.29000000,sell,2022-05-12 21:42:06.426962+00:00
2022-05-12T21:42:05.441608Z,70457528,0.45560000,41.98000000,sell,2022-05-12 21:42:05.441608+00:00
2022-05-12T21:42:05.40898Z,70457527,0.45540000,904.59000000,buy,2022-05-12 21:42:05.408980+00:00
2022-05-12T21:42:05.40898Z,70457526,0.45540000,964.51000000,buy,2022-05-12 21:42:05.408980+00:00
2022-05-12T21:42:04.813229Z,70457525,0.45550000,6577.90000000,buy,2022-05-12 21:42:04.813229+00:00
2022-05-12T21:42:04.810234Z,70457524,0.45550000,1422.10000000,buy,2022-05-12 21:42:04.810234+00:00
2022-05-12T21:42:04.80649Z,70457523,0.45550000,16000.00000000,buy,2022-05-12 21:42:04.806490+00:00
2022-05-12T21:42:03.867607Z,70457522,0.45560000,904.50000000,buy,2022-05-12 21:42:03.867607+00:00
2022-05-12T21:42:03.242341Z,70457521,0.45550000,964.71000000,buy,2022-05-12 21:42:03.242341+00:00
2022-05-12T21:42:03.220596Z,70457520,0.45540000,588.50000000,buy,2022-05-12 21:42:03.220596+00:00
2022-05-12T21:42:03.186301Z,70457519,0.45580000,544.81000000,sell,2022-05-12 21:42:03.186301+00:00
2022-05-12T21:42:03.186301Z,70457518,0.45580000,904.38000000,sell,2022-05-12 21:42:03.186301+00:00
2022-05-12T21:42:03.186301Z,70457517,0.45580000,870.00000000,sell,2022-05-12 21:42:03.186301+00:00
2022-05-12T21:42:03.186301Z,70457516,0.45570000,870.00000000,sell,2022-05-12 21:42:03.186301+00:00
2022-05-12T21:42:03.186301Z,70457515,0.45570000,904.25000000,sell,2022-05-12 21:42:03.186301+00:00
2022-05-12T21:42:03.186301Z,70457514,0.45570000,1200.00000000,sell,2022-05-12 21:42:03.186301+00:00
2022-05-12T21:42:03.186301Z,70457513,0.45560000,870.00000000,sell,2022-05-12 21:42:03.186301+00:00
2022-05-12T21:42:03.186301Z,70457512,0.45560000,2600.00000000,sell,2022-05-12 21:42:03.186301+00:00
2022-05-12T21:42:03.186301Z,70457511,0.45560000,1145.44000000,sell,2022-05-12 21:42:03.186301+00:00
2022-05-12T21:42:03.186301Z,70457510,0.45550000,372.62000000,sell,2022-05-12 21:42:03.186301+00:00
2022-05-12T21:42:03.172364Z,70457509,0.45540000,588.50000000,buy,2022-05-12 21:42:03.172364+00:00
2022-05-12T21:42:03.155414Z,70457508,0.45530000,24.14000000,buy,2022-05-12 21:42:03.155414+00:00
2022-05-12T21:42:03.155414Z,70457507,0.45530000,822.90000000,buy,2022-05-12 21:42:03.155414+00:00
2022-05-12T21:42:03.121623Z,70457506,0.45560000,54.56000000,sell,2022-05-12 21:42:03.121623+00:00
2022-05-12T21:42:03.069742Z,70457505,0.45540000,557.90000000,buy,2022-05-12 21:42:03.069742+00:00
2022-05-12T21:42:02.433068Z,70457504,0.45560000,964.17000000,buy,2022-05-12 21:42:02.433068+00:00
2022-05-12T21:42:02.433068Z,70457503,0.45560000,822.36000000,buy,2022-05-12 21:42:02.433068+00:00
2022-05-12T21:42:02.306461Z,70457502,0.45570000,0.01000000,buy,2022-05-12 21:42:02.306461+00:00
2022-05-12T21:42:02.244452Z,70457501,0.45570000,964.20000000,buy,2022-05-12 21:42:02.244452+00:00
2022-05-12T21:42:02.035353Z,70457500,0.45570000,400.00000000,buy,2022-05-12 21:42:02.035353+00:00
2022-05-12T21:42:02.01861Z,70457499,0.45580000,0.04000000,buy,2022-05-12 21:42:02.018610+00:00
2022-05-12T21:42:01.849898Z,70457498,0.45580000,964.50000000,buy,2022-05-12 21:42:01.849898+00:00
2022-05-12T21:42:01.77728Z,70457497,0.45580000,465.43000000,buy,2022-05-12 21:42:01.777280+00:00
2022-05-12T21:42:01.77728Z,70457496,0.45580000,607.37000000,buy,2022-05-12 21:42:01.777280+00:00
2022-05-12T21:42:01.570796Z,70457495,0.45590000,121.84000000,buy,2022-05-12 21:42:01.570796+00:00
2022-05-12T21:42:00.390496Z,70457494,0.45620000,212.19000000,sell,2022-05-12 21:42:00.390496+00:00
2022-05-12T21:41:59.703749Z,70457493,0.45580000,214.63000000,buy,2022-05-12 21:41:59.703749+00:00
2022-05-12T21:41:59.703749Z,70457492,0.45580000,870.00000000,buy,2022-05-12 21:41:59.703749+00:00
2022-05-12T21:41:59.703749Z,70457491,0.45590000,1200.00000000,buy,2022-05-12 21:41:59.703749+00:00
2022-05-12T21:41:59.252629Z,70457490,0.45590000,24.12000000,buy,2022-05-12 21:41:59.252629+00:00
2022-05-12T21:41:58.90291Z,70457489,0.45620000,180.95000000,sell,2022-05-12 21:41:58.902910+00:00
2022-05-12T21:41:58.90291Z,70457488,0.45620000,31.34000000,sell,2022-05-12 21:41:58.902910+00:00
2022-05-12T21:41:58.342183Z,70457487,0.45610000,266.42000000,sell,2022-05-12 21:41:58.342183+00:00
2022-05-12T21:41:57.345451Z,70457486,0.45610000,265.88000000,sell,2022-05-12 21:41:57.345451+00:00
2022-05-12T21:41:57.345451Z,70457485,0.45610000,55.68000000,sell,2022-05-12 21:41:57.345451+00:00
2022-05-12T21:41:56.739141Z,70457484,0.45600000,19.43000000,sell,2022-05-12 21:41:56.739141+00:00
2022-05-12T21:41:56.706035Z,70457483,0.45600000,51.44000000,sell,2022-05-12 21:41:56.706035+00:00
2022-05-12T21:41:54.240444Z,70457482,0.45600000,151.56000000,sell,2022-05-12 21:41:54.240444+00:00
2022-05-12T21:41:54.240444Z,70457481,0.45600000,7.35000000,sell,2022-05-12 21:41:54.240444+00:00
2022-05-12T21:41:54.240444Z,70457480,0.45590000,53.33000000,sell,2022-05-12 21:41:54.240444+00:00
2022-05-12T21:41:54.076371Z,70457479,0.45570000,28.64000000,buy,2022-05-12 21:41:54.076371+00:00
2022-05-12T21:41:52.787167Z,70457478,0.45580000,904.12000000,sell,2022-05-12 21:41:52.787167+00:00
2022-05-12T21:41:52.787167Z,70457477,0.45580000,22.63000000,sell,2022-05-12 21:41:52.787167+00:00
2022-05-12T21:41:52.073267Z,70457476,0.45570000,22.91000000,sell,2022-05-12 21:41:52.073267+00:00
2022-05-12T21:41:51.633091Z,70457475,0.45550000,904.29000000,buy,2022-05-12 21:41:51.633091+00:00
2022-05-12T21:41:51.633091Z,70457474,0.45550000,870.00000000,buy,2022-05-12 21:41:51.633091+00:00
2022-05-12T21:41:51.633091Z,70457473,0.45550000,411.45000000,buy,2022-05-12 21:41:51.633091+00:00
2022-05-12T21:41:51.633091Z,70457472,0.45550000,1200.00000000,buy,2022-05-12 21:41:51.633091+00:00
2022-05-12T21:41:51.633091Z,70457471,0.45560000,904.29000000,buy,2022-05-12 21:41:51.633091+00:00
2022-05-12T21:41:51.572925Z,70457470,0.45560000,178.03000000,buy,2022-05-12 21:41:51.572925+00:00
2022-05-12T21:41:51.070296Z,70457469,0.45560000,816.47000000,sell,2022-05-12 21:41:51.070296+00:00
2022-05-12T21:41:51.070296Z,70457468,0.45560000,1.18000000,sell,2022-05-12 21:41:51.070296+00:00
2022-05-12T21:41:51.070296Z,70457467,0.45560000,7.48000000,sell,2022-05-12 21:41:51.070296+00:00
2022-05-12T21:41:51.070296Z,70457466,0.45550000,42.72000000,sell,2022-05-12 21:41:51.070296+00:00
2022-05-12T21:41:49.623865Z,70457465,0.45540000,904.87000000,sell,2022-05-12 21:41:49.623865+00:00
2022-05-12T21:41:48.948695Z,70457464,0.45520000,2500.00000000,sell,2022-05-12 21:41:48.948695+00:00
2022-05-12T21:41:48.715161Z,70457463,0.45510000,150.00000000,sell,2022-05-12 21:41:48.715161+00:00
2022-05-12T21:41:48.596258Z,70457462,0.45480000,496.53000000,buy,2022-05-12 21:41:48.596258+00:00
2022-05-12T21:41:48.04253Z,70457461,0.45500000,2.25000000,sell,2022-05-12 21:41:48.042530+00:00
2022-05-12T21:41:47.795823Z,70457460,0.45470000,91.27000000,buy,2022-05-12 21:41:47.795823+00:00
2022-05-12T21:41:47.795823Z,70457459,0.45470000,824.17000000,buy,2022-05-12 21:41:47.795823+00:00
2022-05-12T21:41:47.795823Z,70457458,0.45470000,870.00000000,buy,2022-05-12 21:41:47.795823+00:00
2022-05-12T21:41:47.795823Z,70457457,0.45470000,400.00000000,buy,2022-05-12 21:41:47.795823+00:00
2022-05-12T21:41:47.795823Z,70457456,0.45480000,905.87000000,buy,2022-05-12 21:41:47.795823+00:00
2022-05-12T21:41:47.795823Z,70457455,0.45480000,24.17000000,buy,2022-05-12 21:41:47.795823+00:00
2022-05-12T21:41:47.795823Z,70457454,0.45480000,1200.00000000,buy,2022-05-12 21:41:47.795823+00:00
2022-05-12T21:41:47.795823Z,70457453,0.45490000,1200.00000000,buy,2022-05-12 21:41:47.795823+00:00
2022-05-12T21:41:46.229758Z,70457452,0.45500000,3281.02000000,sell,2022-05-12 21:41:46.229758+00:00
2022-05-12T21:41:45.189825Z,70457451,0.45490000,1113.30000000,sell,2022-05-12 21:41:45.189825+00:00
2022-05-12T21:41:44.975178Z,70457450,0.45490000,85.60000000,sell,2022-05-12 21:41:44.975178+00:00
2022-05-12T21:41:44.456974Z,70457449,0.45490000,646.58000000,sell,2022-05-12 21:41:44.456974+00:00
2022-05-12T21:41:43.871478Z,70457448,0.45460000,24.06000000,buy,2022-05-12 21:41:43.871478+00:00
2022-05-12T21:41:43.248893Z,70457447,0.45490000,21.88000000,sell,2022-05-12 21:41:43.248893+00:00
2022-05-12T21:41:42.612262Z,70457446,0.45470000,906.10000000,sell,2022-05-12 21:41:42.612262+00:00
2022-05-12T21:41:39.865083Z,70457445,0.45460000,424.40000000,buy,2022-05-12 21:41:39.865083+00:00
2022-05-12T21:41:39.865083Z,70457444,0.45470000,1166.49000000,buy,2022-05-12 21:41:39.865083+00:00
2022-05-12T21:41:39.36384Z,70457443,0.45500000,105.22000000,sell,2022-05-12 21:41:39.363840+00:00
2022-05-12T21:41:39.271054Z,70457442,0.45500000,9.13000000,sell,2022-05-12 21:41:39.271054+00:00
2022-05-12T21:41:39.003379Z,70457441,0.45490000,210.43000000,sell,2022-05-12 21:41:39.003379+00:00
2022-05-12T21:41:38.810118Z,70457440,0.45490000,109.49000000,sell,2022-05-12 21:41:38.810118+00:00
2022-05-12T21:41:37.940762Z,70457439,0.45490000,862.29000000,sell,2022-05-12 21:41:37.940762+00:00
2022-05-12T21:41:37.287276Z,70457438,0.45470000,33.51000000,buy,2022-05-12 21:41:37.287276+00:00
2022-05-12T21:41:36.767751Z,70457437,0.45500000,40.48000000,sell,2022-05-12 21:41:36.767751+00:00
2022-05-12T21:41:36.278508Z,70457436,0.45500000,43.89000000,sell,2022-05-12 21:41:36.278508+00:00
2022-05-12T21:41:36.077669Z,70457435,0.45490000,28.06000000,sell,2022-05-12 21:41:36.077669+00:00
2022-05-12T21:41:35.813295Z,70457434,0.45500000,105.06000000,sell,2022-05-12 21:41:35.813295+00:00
2022-05-12T21:41:35.630599Z,70457433,0.45500000,56.02000000,sell,2022-05-12 21:41:35.630599+00:00
2022-05-12T21:41:35.378671Z,70457432,0.45490000,107.74000000,sell,2022-05-12 21:41:35.378671+00:00
2022-05-12T21:41:33.399183Z,70457431,0.45480000,695.50000000,buy,2022-05-12 21:41:33.399183+00:00
2022-05-12T21:41:32.833443Z,70457430,0.45490000,383.07000000,sell,2022-05-12 21:41:32.833443+00:00
2022-05-12T21:41:32.833443Z,70457429,0.45480000,695.50000000,sell,2022-05-12 21:41:32.833443+00:00
2022-05-12T21:41:32.652455Z,70457428,0.45480000,8.78000000,sell,2022-05-12 21:41:32.652455+00:00
2022-05-12T21:41:29.122706Z,70457427,0.45440000,412.35000000,buy,2022-05-12 21:41:29.122706+00:00
2022-05-12T21:41:29.122706Z,70457426,0.45440000,955.38000000,buy,2022-05-12 21:41:29.122706+00:00
2022-05-12T21:41:29.064631Z,70457425,0.45450000,400.00000000,buy,2022-05-12 21:41:29.064631+00:00
2022-05-12T21:41:28.7974Z,70457424,0.45480000,24.06000000,sell,2022-05-12 21:41:28.797400+00:00
2022-05-12T21:41:28.729887Z,70457423,0.45450000,396.55000000,buy,2022-05-12 21:41:28.729887+00:00
2022-05-12T21:41:28.357364Z,70457422,0.45480000,51.46000000,sell,2022-05-12 21:41:28.357364+00:00
2022-05-12T21:41:27.087189Z,70457421,0.45480000,1079.76000000,sell,2022-05-12 21:41:27.087189+00:00
2022-05-12T21:41:26.620484Z,70457420,0.45480000,229.29000000,sell,2022-05-12 21:41:26.620484+00:00
2022-05-12T21:41:26.620484Z,70457419,0.45470000,656.70000000,sell,2022-05-12 21:41:26.620484+00:00
2022-05-12T21:41:26.620484Z,70457418,0.45470000,2000.00000000,sell,2022-05-12 21:41:26.620484+00:00
2022-05-12T21:41:26.620484Z,70457417,0.45470000,395.75000000,sell,2022-05-12 21:41:26.620484+00:00
2022-05-12T21:41:25.523297Z,70457416,0.45470000,6.96000000,sell,2022-05-12 21:41:25.523297+00:00
2022-05-12T21:41:25.296649Z,70457415,0.45460000,431.31000000,sell,2022-05-12 21:41:25.296649+00:00
2022-05-12T21:41:24.526989Z,70457414,0.45470000,53.50000000,sell,2022-05-12 21:41:24.526989+00:00
2022-05-12T21:41:24.421899Z,70457413,0.45470000,87.00000000,sell,2022-05-12 21:41:24.421899+00:00
2022-05-12T21:41:23.373702Z,70457412,0.45470000,656.79000000,sell,2022-05-12 21:41:23.373702+00:00
2022-05-12T21:41:22.847761Z,70457411,0.45440000,60.08000000,buy,2022-05-12 21:41:22.847761+00:00
2022-05-12T21:41:22.847761Z,70457410,0.45440000,906.62000000,buy,2022-05-12 21:41:22.847761+00:00
2022-05-12T21:41:22.604436Z,70457409,0.45450000,110.00000000,buy,2022-05-12 21:41:22.604436+00:00
2022-05-12T21:41:22.604436Z,70457408,0.45450000,421.66000000,buy,2022-05-12 21:41:22.604436+00:00
2022-05-12T21:41:21.403958Z,70457407,0.45480000,956.19000000,sell,2022-05-12 21:41:21.403958+00:00
2022-05-12T21:41:21.403958Z,70457406,0.45470000,1200.00000000,sell,2022-05-12 21:41:21.403958+00:00
2022-05-12T21:41:21.120266Z,70457405,0.45470000,706.05000000,sell,2022-05-12 21:41:21.120266+00:00
2022-05-12T21:41:21.026415Z,70457404,0.45470000,19.71000000,sell,2022-05-12 21:41:21.026415+00:00
2022-05-12T21:41:21.021294Z,70457403,0.45470000,219.49000000,sell,2022-05-12 21:41:21.021294+00:00
2022-05-12T21:41:18.583823Z,70457402,0.45440000,2.30000000,buy,2022-05-12 21:41:18.583823+00:00
2022-05-12T21:41:18.370638Z,70457401,0.45490000,2027.40000000,sell,2022-05-12 21:41:18.370638+00:00
2022-05-12T21:41:18.370638Z,70457400,0.45490000,394.65000000,sell,2022-05-12 21:41:18.370638+00:00
2022-05-12T21:41:18.370638Z,70457399,0.45480000,110.03000000,sell,2022-05-12 21:41:18.370638+00:00
2022-05-12T21:41:18.370638Z,70457398,0.45480000,870.00000000,sell,2022-05-12 21:41:18.370638+00:00
2022-05-12T21:41:18.370638Z,70457397,0.45480000,770.12000000,sell,2022-05-12 21:41:18.370638+00:00
2022-05-12T21:41:18.370638Z,70457396,0.45480000,406.44000000,sell,2022-05-12 21:41:18.370638+00:00
2022-05-12T21:41:18.370638Z,70457395,0.45470000,559.53000000,sell,2022-05-12 21:41:18.370638+00:00
2022-05-12T21:41:18.308748Z,70457394,0.45460000,687.45000000,sell,2022-05-12 21:41:18.308748+00:00
2022-05-12T21:41:18.308748Z,70457393,0.45460000,412.55000000,sell,2022-05-12 21:41:18.308748+00:00
2022-05-12T21:41:18.213033Z,70457392,0.45460000,823.10000000,sell,2022-05-12 21:41:18.213033+00:00
2022-05-12T21:41:18.213033Z,70457391,0.45460000,1987.00000000,sell,2022-05-12 21:41:18.213033+00:00
2022-05-12T21:41:18.074148Z,70457390,0.45460000,13.00000000,sell,2022-05-12 21:41:18.074148+00:00
2022-05-12T21:41:18.074148Z,70457389,0.45450000,870.00000000,sell,2022-05-12 21:41:18.074148+00:00
2022-05-12T21:41:16.54397Z,70457388,0.45450000,7.88000000,sell,2022-05-12 21:41:16.543970+00:00
2022-05-12T21:41:16.54397Z,70457387,0.45450000,412.91000000,sell,2022-05-12 21:41:16.543970+00:00
2022-05-12T21:41:15.59702Z,70457386,0.45400000,81.28000000,buy,2022-05-12 21:41:15.597020+00:00
2022-05-12T21:41:15.484528Z,70457385,0.45400000,56.49000000,buy,2022-05-12 21:41:15.484528+00:00
2022-05-12T21:41:15.289063Z,70457384,0.45430000,216.00000000,sell,2022-05-12 21:41:15.289063+00:00
2022-05-12T21:41:14.989361Z,70457383,0.45430000,123.50000000,sell,2022-05-12 21:41:14.989361+00:00
2022-05-12T21:41:13.917485Z,70457382,0.45390000,415.98000000,buy,2022-05-12 21:41:13.917485+00:00
2022-05-12T21:41:13.79774Z,70457381,0.45390000,2.38000000,buy,2022-05-12 21:41:13.797740+00:00
2022-05-12T21:41:13.640724Z,70457380,0.45430000,9.11000000,sell,2022-05-12 21:41:13.640724+00:00
2022-05-12T21:41:13.545646Z,70457379,0.45420000,109.42000000,sell,2022-05-12 21:41:13.545646+00:00
2022-05-12T21:41:11.374468Z,70457378,0.45400000,13.16000000,sell,2022-05-12 21:41:11.374468+00:00
2022-05-12T21:41:11.252373Z,70457377,0.45400000,492.26000000,sell,2022-05-12 21:41:11.252373+00:00
2022-05-12T21:41:10.808568Z,70457376,0.45380000,78.83000000,buy,2022-05-12 21:41:10.808568+00:00
2022-05-12T21:41:10.603994Z,70457375,0.45400000,105.04000000,sell,2022-05-12 21:41:10.603994+00:00
2022-05-12T21:41:10.474132Z,70457374,0.45400000,200.00000000,sell,2022-05-12 21:41:10.474132+00:00
2022-05-12T21:41:08.260592Z,70457373,0.45400000,321.63000000,sell,2022-05-12 21:41:08.260592+00:00
2022-05-12T21:41:08.201727Z,70457372,0.45390000,947.30000000,buy,2022-05-12 21:41:08.201727+00:00
2022-05-12T21:41:07.875749Z,70457371,0.45420000,62.74000000,sell,2022-05-12 21:41:07.875749+00:00
2022-05-12T21:41:07.37639Z,70457370,0.45420000,610.00000000,sell,2022-05-12 21:41:07.376390+00:00
2022-05-12T21:41:07.37639Z,70457369,0.45420000,400.00000000,sell,2022-05-12 21:41:07.376390+00:00
2022-05-12T21:41:06.522348Z,70457368,0.45420000,400.00000000,sell,2022-05-12 21:41:06.522348+00:00
2022-05-12T21:41:06.288333Z,70457367,0.45420000,4.34000000,sell,2022-05-12 21:41:06.288333+00:00
2022-05-12T21:41:05.70609Z,70457366,0.45400000,1.20000000,buy,2022-05-12 21:41:05.706090+00:00
2022-05-12T21:41:05.66562Z,70457365,0.45410000,946.48000000,buy,2022-05-12 21:41:05.665620+00:00
2022-05-12T21:41:05.66562Z,70457364,0.45410000,205.71000000,buy,2022-05-12 21:41:05.665620+00:00
2022-05-12T21:41:04.282249Z,70457363,0.45410000,353.78000000,buy,2022-05-12 21:41:04.282249+00:00
2022-05-12T21:41:04.124619Z,70457362,0.45420000,29.27000000,buy,2022-05-12 21:41:04.124619+00:00
2022-05-12T21:41:03.58438Z,70457361,0.45450000,212.19000000,sell,2022-05-12 21:41:03.584380+00:00
2022-05-12T21:41:02.758926Z,70457360,0.45430000,906.51000000,buy,2022-05-12 21:41:02.758926+00:00
2022-05-12T21:41:02.758926Z,70457359,0.45430000,3754.99000000,buy,2022-05-12 21:41:02.758926+00:00
2022-05-12T21:41:02.698729Z,70457358,0.45460000,105.32000000,sell,2022-05-12 21:41:02.698729+00:00
2022-05-12T21:41:02.433502Z,70457357,0.45470000,267.45000000,sell,2022-05-12 21:41:02.433502+00:00
2022-05-12T21:41:02.433502Z,70457356,0.45470000,411.68000000,sell,2022-05-12 21:41:02.433502+00:00
2022-05-12T21:41:02.433502Z,70457355,0.45460000,400.00000000,sell,2022-05-12 21:41:02.433502+00:00
2022-05-12T21:41:02.104017Z,70457354,0.45440000,500.00000000,buy,2022-05-12 21:41:02.104017+00:00
2022-05-12T21:41:01.991623Z,70457353,0.45470000,0.87000000,sell,2022-05-12 21:41:01.991623+00:00
2022-05-12T21:41:01.86242Z,70457352,0.45470000,46.37000000,sell,2022-05-12 21:41:01.862420+00:00
2022-05-12T21:41:01.86242Z,70457351,0.45450000,5.13000000,sell,2022-05-12 21:41:01.862420+00:00
2022-05-12T21:40:59.927884Z,70457350,0.45480000,173.32000000,sell,2022-05-12 21:40:59.927884+00:00
2022-05-12T21:40:59.927884Z,70457349,0.45470000,906.52000000,sell,2022-05-12 21:40:59.927884+00:00
2022-05-12T21:40:57.776071Z,70457348,0.45460000,40.59000000,sell,2022-05-12 21:40:57.776071+00:00
2022-05-12T21:40:57.023804Z,70457347,0.45440000,336.00000000,buy,2022-05-12 21:40:57.023804+00:00
2022-05-12T21:40:56.98403Z,70457346,0.45430000,1311.25000000,buy,2022-05-12 21:40:56.984030+00:00
2022-05-12T21:40:56.950952Z,70457345,0.45440000,559.20000000,buy,2022-05-12 21:40:56.950952+00:00
2022-05-12T21:40:56.950952Z,70457344,0.45440000,400.00000000,buy,2022-05-12 21:40:56.950952+00:00
2022-05-12T21:40:56.950952Z,70457343,0.45440000,870.00000000,buy,2022-05-12 21:40:56.950952+00:00
2022-05-12T21:40:56.86882Z,70457342,0.45450000,906.29000000,buy,2022-05-12 21:40:56.868820+00:00
2022-05-12T21:40:56.836689Z,70457341,0.45460000,400.00000000,buy,2022-05-12 21:40:56.836689+00:00
2022-05-12T21:40:56.752145Z,70457340,0.45470000,3925.50000000,buy,2022-05-12 21:40:56.752145+00:00
2022-05-12T21:40:55.915455Z,70457339,0.45460000,101.49000000,buy,2022-05-12 21:40:55.915455+00:00
2022-05-12T21:40:55.83767Z,70457338,0.45500000,4.34000000,sell,2022-05-12 21:40:55.837670+00:00
2022-05-12T21:40:55.050468Z,70457337,0.45500000,33.52000000,sell,2022-05-12 21:40:55.050468+00:00
2022-05-12T21:40:55.050468Z,70457336,0.45500000,7.08000000,sell,2022-05-12 21:40:55.050468+00:00
2022-05-12T21:40:54.073939Z,70457335,0.45490000,212.66000000,sell,2022-05-12 21:40:54.073939+00:00
2022-05-12T21:40:53.091963Z,70457334,0.45480000,0.03000000,buy,2022-05-12 21:40:53.091963+00:00
2022-05-12T21:40:53.054465Z,70457333,0.45480000,1.80000000,buy,2022-05-12 21:40:53.054465+00:00
2022-05-12T21:40:52.111955Z,70457332,0.45450000,214.46000000,buy,2022-05-12 21:40:52.111955+00:00
2022-05-12T21:40:51.873409Z,70457331,0.45430000,6.85000000,buy,2022-05-12 21:40:51.873409+00:00
2022-05-12T21:40:51.074961Z,70457330,0.45460000,870.00000000,sell,2022-05-12 21:40:51.074961+00:00
2022-05-12T21:40:51.074961Z,70457329,0.45460000,825.63000000,sell,2022-05-12 21:40:51.074961+00:00
2022-05-12T21:40:51.074961Z,70457328,0.45450000,197.17000000,sell,2022-05-12 21:40:51.074961+00:00
2022-05-12T21:40:51.074961Z,70457327,0.45450000,400.00000000,sell,2022-05-12 21:40:51.074961+00:00
2022-05-12T21:40:51.074961Z,70457326,0.45450000,559.80000000,sell,2022-05-12 21:40:51.074961+00:00
2022-05-12T21:40:50.25884Z,70457325,0.45410000,586.61000000,sell,2022-05-12 21:40:50.258840+00:00
2022-05-12T21:40:50.25884Z,70457324,0.45400000,907.71000000,sell,2022-05-12 21:40:50.258840+00:00
2022-05-12T21:40:48.811307Z,70457323,0.45420000,105.25000000,sell,2022-05-12 21:40:48.811307+00:00
2022-05-12T21:40:48.285923Z,70457322,0.45390000,282.90000000,sell,2022-05-12 21:40:48.285923+00:00
2022-05-12T21:40:47.861712Z,70457321,0.45380000,212.76000000,sell,2022-05-12 21:40:47.861712+00:00
2022-05-12T21:40:47.168398Z,70457320,0.45370000,500.00000000,sell,2022-05-12 21:40:47.168398+00:00
2022-05-12T21:40:46.985415Z,70457319,0.45370000,337.61000000,sell,2022-05-12 21:40:46.985415+00:00
2022-05-12T21:40:46.985415Z,70457318,0.45360000,695.50000000,sell,2022-05-12 21:40:46.985415+00:00
2022-05-12T21:40:45.567709Z,70457317,0.45360000,400.00000000,sell,2022-05-12 21:40:45.567709+00:00
2022-05-12T21:40:45.567709Z,70457316,0.45360000,291.98000000,sell,2022-05-12 21:40:45.567709+00:00
2022-05-12T21:40:45.281311Z,70457315,0.45320000,37.97000000,buy,2022-05-12 21:40:45.281311+00:00
2022-05-12T21:40:44.351767Z,70457314,0.45360000,10.96000000,sell,2022-05-12 21:40:44.351767+00:00
2022-05-12T21:40:42.001463Z,70457313,0.45350000,23.70000000,sell,2022-05-12 21:40:42.001463+00:00
2022-05-12T21:40:41.81408Z,70457312,0.45300000,402.67000000,buy,2022-05-12 21:40:41.814080+00:00
