time,trade_id,price,size,side,date
2022-05-14T00:43:28.151065Z,70768498,0.53790000,369.76000000,sell,2022-05-14 00:43:28.151065+00:00
2022-05-14T00:43:24.476657Z,70768497,0.53770000,414.11000000,buy,2022-05-14 00:43:24.476657+00:00
2022-05-14T00:43:24.476348Z,70768496,0.53780000,400.00000000,buy,2022-05-14 00:43:24.476348+00:00
2022-05-14T00:43:24.469784Z,70768495,0.53780000,216.62000000,buy,2022-05-14 00:43:24.469784+00:00
2022-05-14T00:43:24.469784Z,70768494,0.53780000,511.42000000,buy,2022-05-14 00:43:24.469784+00:00
2022-05-14T00:43:24.463701Z,70768493,0.53780000,420.01000000,buy,2022-05-14 00:43:24.463701+00:00
2022-05-14T00:43:24.456164Z,70768492,0.53790000,5.00000000,buy,2022-05-14 00:43:24.456164+00:00
2022-05-14T00:43:22.819566Z,70768491,0.53810000,273.14000000,sell,2022-05-14 00:43:22.819566+00:00
2022-05-14T00:43:19.294914Z,70768490,0.53800000,92.53000000,sell,2022-05-14 00:43:19.294914+00:00
2022-05-14T00:43:17.094148Z,70768489,0.53790000,3.16000000,sell,2022-05-14 00:43:17.094148+00:00
2022-05-14T00:43:16.126778Z,70768488,0.53770000,524.02000000,buy,2022-05-14 00:43:16.126778+00:00
2022-05-14T00:43:16.106945Z,70768487,0.53790000,133.81000000,sell,2022-05-14 00:43:16.106945+00:00
2022-05-14T00:43:13.022049Z,70768486,0.53830000,4.03000000,sell,2022-05-14 00:43:13.022049+00:00
2022-05-14T00:43:13.022049Z,70768485,0.53820000,1200.00000000,sell,2022-05-14 00:43:13.022049+00:00
2022-05-14T00:43:08.620937Z,70768484,0.53770000,75.90000000,sell,2022-05-14 00:43:08.620937+00:00
2022-05-14T00:43:08.18741Z,70768483,0.53770000,69.00000000,sell,2022-05-14 00:43:08.187410+00:00
2022-05-14T00:43:07.030856Z,70768482,0.53770000,16.66000000,sell,2022-05-14 00:43:07.030856+00:00
2022-05-14T00:43:06.104179Z,70768481,0.53760000,1400.00000000,buy,2022-05-14 00:43:06.104179+00:00
2022-05-14T00:43:04.966593Z,70768480,0.53790000,399.18000000,sell,2022-05-14 00:43:04.966593+00:00
2022-05-14T00:43:04.636425Z,70768479,0.53770000,373.68000000,buy,2022-05-14 00:43:04.636425+00:00
2022-05-14T00:43:04.41757Z,70768478,0.53790000,16.66000000,sell,2022-05-14 00:43:04.417570+00:00
2022-05-14T00:43:04.351435Z,70768477,0.53790000,500.00000000,buy,2022-05-14 00:43:04.351435+00:00
2022-05-14T00:43:03.918983Z,70768476,0.53820000,26.10000000,sell,2022-05-14 00:43:03.918983+00:00
2022-05-14T00:43:03.855232Z,70768475,0.53820000,92.34000000,sell,2022-05-14 00:43:03.855232+00:00
2022-05-14T00:43:03.077985Z,70768474,0.53800000,526.65000000,buy,2022-05-14 00:43:03.077985+00:00
2022-05-14T00:43:02.155662Z,70768473,0.53830000,516.26000000,sell,2022-05-14 00:43:02.155662+00:00
2022-05-14T00:43:02.155662Z,70768472,0.53830000,483.74000000,sell,2022-05-14 00:43:02.155662+00:00
2022-05-14T00:43:02.119575Z,70768471,0.53830000,328.26000000,sell,2022-05-14 00:43:02.119575+00:00
2022-05-14T00:43:02.119575Z,70768470,0.53820000,400.00000000,sell,2022-05-14 00:43:02.119575+00:00
2022-05-14T00:43:02.119575Z,70768469,0.53820000,1200.00000000,sell,2022-05-14 00:43:02.119575+00:00
2022-05-14T00:43:02.119575Z,70768468,0.53820000,586.60000000,sell,2022-05-14 00:43:02.119575+00:00
2022-05-14T00:43:02.119575Z,70768467,0.53820000,2183.75000000,sell,2022-05-14 00:43:02.119575+00:00
2022-05-14T00:43:02.119575Z,70768466,0.53820000,812.00000000,sell,2022-05-14 00:43:02.119575+00:00
2022-05-14T00:42:59.178074Z,70768465,0.53770000,87.98000000,buy,2022-05-14 00:42:59.178074+00:00
2022-05-14T00:42:59.025636Z,70768464,0.53770000,5.61000000,buy,2022-05-14 00:42:59.025636+00:00
2022-05-14T00:42:57.762075Z,70768463,0.53770000,460.34000000,buy,2022-05-14 00:42:57.762075+00:00
2022-05-14T00:42:57.762075Z,70768462,0.53770000,464.69000000,buy,2022-05-14 00:42:57.762075+00:00
2022-05-14T00:42:57.762075Z,70768461,0.53770000,10000.00000000,buy,2022-05-14 00:42:57.762075+00:00
2022-05-14T00:42:57.762075Z,70768460,0.53770000,576.13000000,buy,2022-05-14 00:42:57.762075+00:00
2022-05-14T00:42:57.762075Z,70768459,0.53780000,1200.00000000,buy,2022-05-14 00:42:57.762075+00:00
2022-05-14T00:42:57.762075Z,70768458,0.53780000,532.53000000,buy,2022-05-14 00:42:57.762075+00:00
2022-05-14T00:42:57.762075Z,70768457,0.53780000,1400.00000000,buy,2022-05-14 00:42:57.762075+00:00
2022-05-14T00:42:53.254505Z,70768456,0.53810000,547.55000000,sell,2022-05-14 00:42:53.254505+00:00
2022-05-14T00:42:53.254505Z,70768455,0.53800000,1200.00000000,sell,2022-05-14 00:42:53.254505+00:00
2022-05-14T00:42:52.264692Z,70768454,0.53780000,75.21000000,buy,2022-05-14 00:42:52.264692+00:00
2022-05-14T00:42:52.122693Z,70768453,0.53810000,3.96000000,sell,2022-05-14 00:42:52.122693+00:00
2022-05-14T00:42:51.266099Z,70768452,0.53810000,1.82000000,sell,2022-05-14 00:42:51.266099+00:00
2022-05-14T00:42:50.977511Z,70768451,0.53780000,4.00000000,buy,2022-05-14 00:42:50.977511+00:00
2022-05-14T00:42:50.305537Z,70768450,0.53810000,21.17000000,sell,2022-05-14 00:42:50.305537+00:00
2022-05-14T00:42:47.471003Z,70768449,0.53790000,1.30000000,buy,2022-05-14 00:42:47.471003+00:00
2022-05-14T00:42:47.307111Z,70768448,0.53800000,1.82000000,sell,2022-05-14 00:42:47.307111+00:00
2022-05-14T00:42:46.866051Z,70768447,0.53790000,16.65000000,sell,2022-05-14 00:42:46.866051+00:00
2022-05-14T00:42:45.421516Z,70768446,0.53800000,9.26000000,sell,2022-05-14 00:42:45.421516+00:00
2022-05-14T00:42:44.421441Z,70768445,0.53770000,137.73000000,buy,2022-05-14 00:42:44.421441+00:00
2022-05-14T00:42:44.337439Z,70768444,0.53780000,612.80000000,buy,2022-05-14 00:42:44.337439+00:00
2022-05-14T00:42:44.218343Z,70768443,0.53780000,787.20000000,buy,2022-05-14 00:42:44.218343+00:00
2022-05-14T00:42:44.121166Z,70768442,0.53780000,92.90000000,buy,2022-05-14 00:42:44.121166+00:00
2022-05-14T00:42:44.121166Z,70768441,0.53780000,801.99000000,buy,2022-05-14 00:42:44.121166+00:00
2022-05-14T00:42:44.109423Z,70768440,0.53780000,598.01000000,buy,2022-05-14 00:42:44.109423+00:00
2022-05-14T00:42:44.100958Z,70768439,0.53780000,469.00000000,buy,2022-05-14 00:42:44.100958+00:00
2022-05-14T00:42:43.969559Z,70768438,0.53790000,495.15000000,buy,2022-05-14 00:42:43.969559+00:00
2022-05-14T00:42:43.969559Z,70768437,0.53790000,599.65000000,buy,2022-05-14 00:42:43.969559+00:00
2022-05-14T00:42:43.892335Z,70768436,0.53810000,1400.00000000,buy,2022-05-14 00:42:43.892335+00:00
2022-05-14T00:42:43.642626Z,70768435,0.53830000,0.73000000,sell,2022-05-14 00:42:43.642626+00:00
2022-05-14T00:42:43.233139Z,70768434,0.53820000,3600.00000000,sell,2022-05-14 00:42:43.233139+00:00
2022-05-14T00:42:43.070524Z,70768433,0.53820000,1400.00000000,buy,2022-05-14 00:42:43.070524+00:00
2022-05-14T00:42:42.510603Z,70768432,0.53820000,440.77000000,buy,2022-05-14 00:42:42.510603+00:00
2022-05-14T00:42:42.239385Z,70768431,0.53810000,1200.00000000,buy,2022-05-14 00:42:42.239385+00:00
2022-05-14T00:42:41.452038Z,70768430,0.53800000,137.73000000,sell,2022-05-14 00:42:41.452038+00:00
2022-05-14T00:42:39.97702Z,70768429,0.53850000,549.00000000,sell,2022-05-14 00:42:39.977020+00:00
2022-05-14T00:42:39.929519Z,70768428,0.53840000,0.08000000,buy,2022-05-14 00:42:39.929519+00:00
2022-05-14T00:42:39.836448Z,70768427,0.53840000,1.30000000,buy,2022-05-14 00:42:39.836448+00:00
2022-05-14T00:42:39.624184Z,70768426,0.53860000,11.37000000,sell,2022-05-14 00:42:39.624184+00:00
2022-05-14T00:42:38.990077Z,70768425,0.53860000,625.90000000,sell,2022-05-14 00:42:38.990077+00:00
2022-05-14T00:42:38.956151Z,70768424,0.53850000,1200.00000000,sell,2022-05-14 00:42:38.956151+00:00
2022-05-14T00:42:38.577319Z,70768423,0.53840000,1195.80000000,buy,2022-05-14 00:42:38.577319+00:00
2022-05-14T00:42:38.195914Z,70768422,0.53870000,1199.99000000,sell,2022-05-14 00:42:38.195914+00:00
2022-05-14T00:42:38.157279Z,70768421,0.53850000,297.69000000,buy,2022-05-14 00:42:38.157279+00:00
2022-05-14T00:42:38.157279Z,70768420,0.53850000,590.39000000,buy,2022-05-14 00:42:38.157279+00:00
2022-05-14T00:42:38.157279Z,70768419,0.53850000,301.10000000,buy,2022-05-14 00:42:38.157279+00:00
2022-05-14T00:42:38.139201Z,70768418,0.53860000,982.99000000,buy,2022-05-14 00:42:38.139201+00:00
2022-05-14T00:42:38.139201Z,70768417,0.53860000,2063.80000000,buy,2022-05-14 00:42:38.139201+00:00
2022-05-14T00:42:38.139201Z,70768416,0.53860000,812.00000000,buy,2022-05-14 00:42:38.139201+00:00
2022-05-14T00:42:38.139201Z,70768415,0.53870000,812.00000000,buy,2022-05-14 00:42:38.139201+00:00
2022-05-14T00:42:37.941212Z,70768414,0.53900000,63.86000000,sell,2022-05-14 00:42:37.941212+00:00
2022-05-14T00:42:37.91634Z,70768413,0.53900000,3541.08000000,sell,2022-05-14 00:42:37.916340+00:00
2022-05-14T00:42:37.579298Z,70768412,0.53900000,236.71000000,sell,2022-05-14 00:42:37.579298+00:00
2022-05-14T00:42:36.758654Z,70768411,0.53870000,425.54000000,sell,2022-05-14 00:42:36.758654+00:00
2022-05-14T00:42:36.748234Z,70768410,0.53870000,682.73000000,sell,2022-05-14 00:42:36.748234+00:00
2022-05-14T00:42:36.636721Z,70768409,0.53870000,643.45000000,sell,2022-05-14 00:42:36.636721+00:00
2022-05-14T00:42:36.614092Z,70768408,0.53870000,1200.00000000,sell,2022-05-14 00:42:36.614092+00:00
2022-05-14T00:42:36.528929Z,70768407,0.53870000,1690.30000000,sell,2022-05-14 00:42:36.528929+00:00
2022-05-14T00:42:36.467805Z,70768406,0.53870000,371.40000000,sell,2022-05-14 00:42:36.467805+00:00
2022-05-14T00:42:36.419863Z,70768405,0.53870000,704.20000000,sell,2022-05-14 00:42:36.419863+00:00
2022-05-14T00:42:36.380766Z,70768404,0.53870000,573.83000000,sell,2022-05-14 00:42:36.380766+00:00
2022-05-14T00:42:36.380766Z,70768403,0.53850000,2084.77000000,sell,2022-05-14 00:42:36.380766+00:00
2022-05-14T00:42:36.369881Z,70768402,0.53850000,511.60000000,sell,2022-05-14 00:42:36.369881+00:00
2022-05-14T00:42:36.338259Z,70768401,0.53850000,1800.00000000,sell,2022-05-14 00:42:36.338259+00:00
2022-05-14T00:42:36.264458Z,70768400,0.53850000,494.20000000,sell,2022-05-14 00:42:36.264458+00:00
2022-05-14T00:42:36.253322Z,70768399,0.53850000,1200.00000000,sell,2022-05-14 00:42:36.253322+00:00
2022-05-14T00:42:36.224384Z,70768398,0.53850000,1160.40000000,sell,2022-05-14 00:42:36.224384+00:00
2022-05-14T00:42:36.120363Z,70768397,0.53850000,1944.56000000,sell,2022-05-14 00:42:36.120363+00:00
2022-05-14T00:42:36.120363Z,70768396,0.53850000,532.64000000,sell,2022-05-14 00:42:36.120363+00:00
2022-05-14T00:42:35.612956Z,70768395,0.53840000,55.44000000,sell,2022-05-14 00:42:35.612956+00:00
2022-05-14T00:42:35.134359Z,70768394,0.53840000,6.38000000,sell,2022-05-14 00:42:35.134359+00:00
2022-05-14T00:42:34.976165Z,70768393,0.53840000,1.01000000,sell,2022-05-14 00:42:34.976165+00:00
2022-05-14T00:42:34.064659Z,70768392,0.53840000,88.71000000,sell,2022-05-14 00:42:34.064659+00:00
2022-05-14T00:42:32.460628Z,70768391,0.53840000,159.11000000,sell,2022-05-14 00:42:32.460628+00:00
2022-05-14T00:42:32.460628Z,70768390,0.53830000,20.58000000,sell,2022-05-14 00:42:32.460628+00:00
2022-05-14T00:42:31.166003Z,70768389,0.53840000,210.10000000,sell,2022-05-14 00:42:31.166003+00:00
2022-05-14T00:42:31.166003Z,70768388,0.53840000,812.00000000,sell,2022-05-14 00:42:31.166003+00:00
2022-05-14T00:42:31.166003Z,70768387,0.53840000,1200.00000000,sell,2022-05-14 00:42:31.166003+00:00
2022-05-14T00:42:31.166003Z,70768386,0.53840000,585.42000000,sell,2022-05-14 00:42:31.166003+00:00
2022-05-14T00:42:31.166003Z,70768385,0.53840000,1385.00000000,sell,2022-05-14 00:42:31.166003+00:00
2022-05-14T00:42:30.582224Z,70768384,0.53840000,15.00000000,sell,2022-05-14 00:42:30.582224+00:00
2022-05-14T00:42:29.515293Z,70768383,0.53840000,92.31000000,sell,2022-05-14 00:42:29.515293+00:00
2022-05-14T00:42:27.512361Z,70768382,0.53840000,207.56000000,sell,2022-05-14 00:42:27.512361+00:00
2022-05-14T00:42:27.512361Z,70768381,0.53840000,556.14000000,sell,2022-05-14 00:42:27.512361+00:00
2022-05-14T00:42:27.512361Z,70768380,0.53840000,424.99000000,sell,2022-05-14 00:42:27.512361+00:00
2022-05-14T00:42:25.878166Z,70768379,0.53840000,92.87000000,sell,2022-05-14 00:42:25.878166+00:00
2022-05-14T00:42:24.468853Z,70768378,0.53820000,5.47000000,sell,2022-05-14 00:42:24.468853+00:00
2022-05-14T00:42:22.709022Z,70768377,0.53800000,519.00000000,buy,2022-05-14 00:42:22.709022+00:00
2022-05-14T00:42:22.66571Z,70768376,0.53820000,923.48000000,sell,2022-05-14 00:42:22.665710+00:00
2022-05-14T00:42:21.731097Z,70768375,0.53830000,364.84000000,sell,2022-05-14 00:42:21.731097+00:00
2022-05-14T00:42:20.947333Z,70768374,0.53810000,1167.75000000,buy,2022-05-14 00:42:20.947333+00:00
2022-05-14T00:42:20.118584Z,70768373,0.53840000,170.43000000,sell,2022-05-14 00:42:20.118584+00:00
2022-05-14T00:42:19.732052Z,70768372,0.53840000,111.04000000,sell,2022-05-14 00:42:19.732052+00:00
2022-05-14T00:42:18.729049Z,70768371,0.53860000,123.31000000,sell,2022-05-14 00:42:18.729049+00:00
2022-05-14T00:42:16.189552Z,70768370,0.53870000,18.59000000,sell,2022-05-14 00:42:16.189552+00:00
2022-05-14T00:42:15.231315Z,70768369,0.53870000,16.69000000,sell,2022-05-14 00:42:15.231315+00:00
2022-05-14T00:42:13.536132Z,70768368,0.53860000,295.03000000,buy,2022-05-14 00:42:13.536132+00:00
2022-05-14T00:42:13.49248Z,70768367,0.53860000,812.00000000,buy,2022-05-14 00:42:13.492480+00:00
2022-05-14T00:42:13.49248Z,70768366,0.53870000,1200.00000000,buy,2022-05-14 00:42:13.492480+00:00
2022-05-14T00:42:13.24256Z,70768365,0.53900000,266.01000000,sell,2022-05-14 00:42:13.242560+00:00
2022-05-14T00:42:13.24256Z,70768364,0.53890000,6.17000000,sell,2022-05-14 00:42:13.242560+00:00
2022-05-14T00:42:13.24256Z,70768363,0.53880000,0.07000000,sell,2022-05-14 00:42:13.242560+00:00
2022-05-14T00:42:12.676217Z,70768362,0.53880000,41.40000000,sell,2022-05-14 00:42:12.676217+00:00
2022-05-14T00:42:12.620128Z,70768361,0.53880000,1.78000000,sell,2022-05-14 00:42:12.620128+00:00
2022-05-14T00:42:12.620128Z,70768360,0.53870000,0.05000000,sell,2022-05-14 00:42:12.620128+00:00
2022-05-14T00:42:11.800648Z,70768359,0.53870000,24.20000000,sell,2022-05-14 00:42:11.800648+00:00
2022-05-14T00:42:11.368644Z,70768358,0.53860000,30.41000000,buy,2022-05-14 00:42:11.368644+00:00
2022-05-14T00:42:10.861288Z,70768357,0.53870000,9.75000000,sell,2022-05-14 00:42:10.861288+00:00
2022-05-14T00:42:09.355238Z,70768356,0.53850000,5.50000000,sell,2022-05-14 00:42:09.355238+00:00
2022-05-14T00:42:08.475157Z,70768355,0.53830000,605.18000000,buy,2022-05-14 00:42:08.475157+00:00
2022-05-14T00:42:05.638338Z,70768354,0.53860000,16.56000000,sell,2022-05-14 00:42:05.638338+00:00
2022-05-14T00:42:05.638338Z,70768353,0.53860000,58.15000000,sell,2022-05-14 00:42:05.638338+00:00
2022-05-14T00:42:05.638338Z,70768352,0.53850000,56.47000000,sell,2022-05-14 00:42:05.638338+00:00
2022-05-14T00:42:05.638338Z,70768351,0.53840000,45.34000000,sell,2022-05-14 00:42:05.638338+00:00
2022-05-14T00:42:05.638338Z,70768350,0.53840000,1.53000000,sell,2022-05-14 00:42:05.638338+00:00
2022-05-14T00:42:04.950791Z,70768349,0.53830000,67.46000000,sell,2022-05-14 00:42:04.950791+00:00
2022-05-14T00:42:04.950791Z,70768348,0.53830000,37.98000000,sell,2022-05-14 00:42:04.950791+00:00
2022-05-14T00:42:04.279692Z,70768347,0.53820000,36.03000000,sell,2022-05-14 00:42:04.279692+00:00
2022-05-14T00:42:02.901552Z,70768346,0.53810000,36.83000000,sell,2022-05-14 00:42:02.901552+00:00
2022-05-14T00:42:01.542142Z,70768345,0.53760000,461.41000000,sell,2022-05-14 00:42:01.542142+00:00
2022-05-14T00:42:01.542142Z,70768344,0.53760000,587.89000000,sell,2022-05-14 00:42:01.542142+00:00
2022-05-14T00:42:01.140478Z,70768343,0.53730000,6000.00000000,sell,2022-05-14 00:42:01.140478+00:00
2022-05-14T00:41:58.03292Z,70768342,0.53740000,424.37000000,sell,2022-05-14 00:41:58.032920+00:00
2022-05-14T00:41:58.03292Z,70768341,0.53730000,1400.00000000,sell,2022-05-14 00:41:58.032920+00:00
2022-05-14T00:41:57.777995Z,70768340,0.53710000,540.60000000,sell,2022-05-14 00:41:57.777995+00:00
2022-05-14T00:41:57.040319Z,70768339,0.53710000,0.50000000,sell,2022-05-14 00:41:57.040319+00:00
2022-05-14T00:41:55.281433Z,70768338,0.53690000,258.72000000,sell,2022-05-14 00:41:55.281433+00:00
2022-05-14T00:41:55.273796Z,70768337,0.53690000,208.34000000,sell,2022-05-14 00:41:55.273796+00:00
2022-05-14T00:41:55.273796Z,70768336,0.53690000,46.89000000,sell,2022-05-14 00:41:55.273796+00:00
2022-05-14T00:41:55.261098Z,70768335,0.53690000,1353.11000000,sell,2022-05-14 00:41:55.261098+00:00
2022-05-14T00:41:55.261098Z,70768334,0.53690000,930.21000000,sell,2022-05-14 00:41:55.261098+00:00
2022-05-14T00:41:55.256205Z,70768333,0.53690000,269.79000000,sell,2022-05-14 00:41:55.256205+00:00
2022-05-14T00:41:55.252857Z,70768332,0.53680000,1200.00000000,sell,2022-05-14 00:41:55.252857+00:00
2022-05-14T00:41:53.45533Z,70768331,0.53720000,24.55000000,sell,2022-05-14 00:41:53.455330+00:00
2022-05-14T00:41:53.45533Z,70768330,0.53710000,503.45000000,sell,2022-05-14 00:41:53.455330+00:00
2022-05-14T00:41:53.45533Z,70768329,0.53710000,1400.00000000,sell,2022-05-14 00:41:53.455330+00:00
2022-05-14T00:41:53.45533Z,70768328,0.53710000,812.00000000,sell,2022-05-14 00:41:53.455330+00:00
2022-05-14T00:41:53.45533Z,70768327,0.53710000,1200.00000000,sell,2022-05-14 00:41:53.455330+00:00
2022-05-14T00:41:53.45533Z,70768326,0.53700000,1860.00000000,sell,2022-05-14 00:41:53.455330+00:00
2022-05-14T00:41:53.45533Z,70768325,0.53700000,1200.00000000,sell,2022-05-14 00:41:53.455330+00:00
2022-05-14T00:41:52.598419Z,70768324,0.53720000,380.62000000,sell,2022-05-14 00:41:52.598419+00:00
2022-05-14T00:41:52.598419Z,70768323,0.53720000,465.44000000,sell,2022-05-14 00:41:52.598419+00:00
2022-05-14T00:41:52.598419Z,70768322,0.53720000,79.14000000,sell,2022-05-14 00:41:52.598419+00:00
2022-05-14T00:41:51.993788Z,70768321,0.53720000,7.42000000,sell,2022-05-14 00:41:51.993788+00:00
2022-05-14T00:41:50.71802Z,70768320,0.53720000,364.37000000,sell,2022-05-14 00:41:50.718020+00:00
2022-05-14T00:41:49.310258Z,70768319,0.53720000,188.67000000,sell,2022-05-14 00:41:49.310258+00:00
2022-05-14T00:41:49.184177Z,70768318,0.53720000,164.01000000,sell,2022-05-14 00:41:49.184177+00:00
2022-05-14T00:41:47.880675Z,70768317,0.53690000,400.00000000,buy,2022-05-14 00:41:47.880675+00:00
2022-05-14T00:41:44.676008Z,70768316,0.53730000,415.25000000,sell,2022-05-14 00:41:44.676008+00:00
2022-05-14T00:41:44.676008Z,70768315,0.53730000,459.44000000,sell,2022-05-14 00:41:44.676008+00:00
2022-05-14T00:41:43.964459Z,70768314,0.53680000,4.12000000,buy,2022-05-14 00:41:43.964459+00:00
2022-05-14T00:41:41.908423Z,70768313,0.53740000,178.14000000,sell,2022-05-14 00:41:41.908423+00:00
2022-05-14T00:41:40.017944Z,70768312,0.53740000,2000.00000000,buy,2022-05-14 00:41:40.017944+00:00
2022-05-14T00:41:40.007862Z,70768311,0.53760000,929.89000000,sell,2022-05-14 00:41:40.007862+00:00
2022-05-14T00:41:39.883778Z,70768310,0.53760000,396.97000000,buy,2022-05-14 00:41:39.883778+00:00
2022-05-14T00:41:39.877044Z,70768309,0.53760000,534.23000000,buy,2022-05-14 00:41:39.877044+00:00
2022-05-14T00:41:38.109105Z,70768308,0.53790000,1.41000000,sell,2022-05-14 00:41:38.109105+00:00
2022-05-14T00:41:37.711508Z,70768307,0.53790000,16.69000000,sell,2022-05-14 00:41:37.711508+00:00
2022-05-14T00:41:36.19091Z,70768306,0.53770000,473.37000000,buy,2022-05-14 00:41:36.190910+00:00
2022-05-14T00:41:36.19091Z,70768305,0.53770000,942.50000000,buy,2022-05-14 00:41:36.190910+00:00
2022-05-14T00:41:36.170303Z,70768304,0.53770000,457.50000000,buy,2022-05-14 00:41:36.170303+00:00
2022-05-14T00:41:36.170303Z,70768303,0.53790000,0.09000000,buy,2022-05-14 00:41:36.170303+00:00
2022-05-14T00:41:36.136932Z,70768302,0.53790000,8.60000000,buy,2022-05-14 00:41:36.136932+00:00
2022-05-14T00:41:35.648826Z,70768301,0.53810000,1400.00000000,sell,2022-05-14 00:41:35.648826+00:00
2022-05-14T00:41:33.559887Z,70768300,0.53770000,535.19000000,buy,2022-05-14 00:41:33.559887+00:00
2022-05-14T00:41:33.556315Z,70768299,0.53770000,209.40000000,buy,2022-05-14 00:41:33.556315+00:00
2022-05-14T00:41:33.556315Z,70768298,0.53780000,1166.15000000,buy,2022-05-14 00:41:33.556315+00:00
2022-05-14T00:41:33.552675Z,70768297,0.53780000,33.85000000,buy,2022-05-14 00:41:33.552675+00:00
2022-05-14T00:41:33.552675Z,70768296,0.53780000,812.00000000,buy,2022-05-14 00:41:33.552675+00:00
2022-05-14T00:41:33.088035Z,70768295,0.53790000,448.21000000,buy,2022-05-14 00:41:33.088035+00:00
2022-05-14T00:41:33.088035Z,70768294,0.53790000,375.10000000,buy,2022-05-14 00:41:33.088035+00:00
2022-05-14T00:41:32.934278Z,70768293,0.53810000,78.21000000,sell,2022-05-14 00:41:32.934278+00:00
2022-05-14T00:41:32.934278Z,70768292,0.53810000,366.12000000,sell,2022-05-14 00:41:32.934278+00:00
2022-05-14T00:41:32.934278Z,70768291,0.53810000,1400.00000000,sell,2022-05-14 00:41:32.934278+00:00
2022-05-14T00:41:32.934278Z,70768290,0.53810000,1200.00000000,sell,2022-05-14 00:41:32.934278+00:00
2022-05-14T00:41:32.934278Z,70768289,0.53800000,1400.00000000,sell,2022-05-14 00:41:32.934278+00:00
2022-05-14T00:41:32.357526Z,70768288,0.53800000,150.00000000,sell,2022-05-14 00:41:32.357526+00:00
2022-05-14T00:41:31.750155Z,70768287,0.53800000,749.00000000,buy,2022-05-14 00:41:31.750155+00:00
2022-05-14T00:41:31.710977Z,70768286,0.53780000,443.24000000,buy,2022-05-14 00:41:31.710977+00:00
2022-05-14T00:41:31.710977Z,70768285,0.53780000,812.00000000,buy,2022-05-14 00:41:31.710977+00:00
2022-05-14T00:41:31.710977Z,70768284,0.53780000,749.00000000,buy,2022-05-14 00:41:31.710977+00:00
2022-05-14T00:41:31.710977Z,70768283,0.53790000,464.67000000,buy,2022-05-14 00:41:31.710977+00:00
2022-05-14T00:41:31.710977Z,70768282,0.53790000,1400.00000000,buy,2022-05-14 00:41:31.710977+00:00
2022-05-14T00:41:31.710977Z,70768281,0.53790000,812.00000000,buy,2022-05-14 00:41:31.710977+00:00
2022-05-14T00:41:31.11008Z,70768280,0.53790000,93.61000000,buy,2022-05-14 00:41:31.110080+00:00
2022-05-14T00:41:30.838232Z,70768279,0.53820000,82.75000000,sell,2022-05-14 00:41:30.838232+00:00
2022-05-14T00:41:30.838232Z,70768278,0.53810000,6.26000000,sell,2022-05-14 00:41:30.838232+00:00
2022-05-14T00:41:30.833087Z,70768277,0.53800000,321.00000000,sell,2022-05-14 00:41:30.833087+00:00
2022-05-14T00:41:30.820757Z,70768276,0.53800000,324.79000000,sell,2022-05-14 00:41:30.820757+00:00
2022-05-14T00:41:30.625189Z,70768275,0.53800000,225.82000000,sell,2022-05-14 00:41:30.625189+00:00
2022-05-14T00:41:30.625189Z,70768274,0.53800000,41.48000000,sell,2022-05-14 00:41:30.625189+00:00
2022-05-14T00:41:30.625189Z,70768273,0.53790000,14.73000000,sell,2022-05-14 00:41:30.625189+00:00
2022-05-14T00:41:30.053826Z,70768272,0.53790000,21.32000000,sell,2022-05-14 00:41:30.053826+00:00
2022-05-14T00:41:30.053826Z,70768271,0.53780000,0.02000000,sell,2022-05-14 00:41:30.053826+00:00
2022-05-14T00:41:29.152209Z,70768270,0.53780000,4.60000000,sell,2022-05-14 00:41:29.152209+00:00
2022-05-14T00:41:29.018817Z,70768269,0.53770000,42.69000000,buy,2022-05-14 00:41:29.018817+00:00
2022-05-14T00:41:27.972703Z,70768268,0.53770000,34.08000000,sell,2022-05-14 00:41:27.972703+00:00
2022-05-14T00:41:27.972703Z,70768267,0.53770000,1.52000000,sell,2022-05-14 00:41:27.972703+00:00
2022-05-14T00:41:27.641206Z,70768266,0.53760000,10.38000000,sell,2022-05-14 00:41:27.641206+00:00
2022-05-14T00:41:27.641206Z,70768265,0.53760000,0.77000000,sell,2022-05-14 00:41:27.641206+00:00
2022-05-14T00:41:27.597091Z,70768264,0.53760000,10.97000000,sell,2022-05-14 00:41:27.597091+00:00
2022-05-14T00:41:26.751657Z,70768263,0.53750000,41.61000000,sell,2022-05-14 00:41:26.751657+00:00
2022-05-14T00:41:25.762917Z,70768262,0.53750000,7.44000000,sell,2022-05-14 00:41:25.762917+00:00
2022-05-14T00:41:25.477546Z,70768261,0.53740000,261.06000000,sell,2022-05-14 00:41:25.477546+00:00
2022-05-14T00:41:25.477546Z,70768260,0.53740000,4.47000000,sell,2022-05-14 00:41:25.477546+00:00
2022-05-14T00:41:25.477546Z,70768259,0.53730000,13.72000000,sell,2022-05-14 00:41:25.477546+00:00
2022-05-14T00:41:25.477546Z,70768258,0.53730000,93.05000000,sell,2022-05-14 00:41:25.477546+00:00
2022-05-14T00:41:22.065619Z,70768257,0.53660000,138.25000000,buy,2022-05-14 00:41:22.065619+00:00
2022-05-14T00:41:21.787867Z,70768256,0.53690000,208.61000000,sell,2022-05-14 00:41:21.787867+00:00
2022-05-14T00:41:21.787867Z,70768255,0.53680000,469.12000000,sell,2022-05-14 00:41:21.787867+00:00
2022-05-14T00:41:21.783246Z,70768254,0.53670000,2183.75000000,sell,2022-05-14 00:41:21.783246+00:00
2022-05-14T00:41:19.40049Z,70768253,0.53650000,225.11000000,sell,2022-05-14 00:41:19.400490+00:00
2022-05-14T00:41:19.40049Z,70768252,0.53640000,466.15000000,sell,2022-05-14 00:41:19.400490+00:00
2022-05-14T00:41:19.098983Z,70768251,0.53620000,309.96000000,buy,2022-05-14 00:41:19.098983+00:00
2022-05-14T00:41:19.098983Z,70768250,0.53630000,50.60000000,buy,2022-05-14 00:41:19.098983+00:00
2022-05-14T00:41:19.004504Z,70768249,0.53650000,87.56000000,sell,2022-05-14 00:41:19.004504+00:00
2022-05-14T00:41:19.004504Z,70768248,0.53640000,50.69000000,sell,2022-05-14 00:41:19.004504+00:00
2022-05-14T00:41:18.789849Z,70768247,0.53620000,135.14000000,buy,2022-05-14 00:41:18.789849+00:00
2022-05-14T00:41:18.789849Z,70768246,0.53630000,50.60000000,buy,2022-05-14 00:41:18.789849+00:00
2022-05-14T00:41:18.362358Z,70768245,0.53640000,16.72000000,sell,2022-05-14 00:41:18.362358+00:00
2022-05-14T00:41:16.69348Z,70768244,0.53650000,185.74000000,sell,2022-05-14 00:41:16.693480+00:00
2022-05-14T00:41:16.292186Z,70768243,0.53640000,21.50000000,sell,2022-05-14 00:41:16.292186+00:00
2022-05-14T00:41:15.708802Z,70768242,0.53630000,1200.00000000,buy,2022-05-14 00:41:15.708802+00:00
2022-05-14T00:41:12.354455Z,70768241,0.53660000,642.07000000,buy,2022-05-14 00:41:12.354455+00:00
2022-05-14T00:41:12.346475Z,70768240,0.53660000,414.12000000,buy,2022-05-14 00:41:12.346475+00:00
2022-05-14T00:41:12.346475Z,70768239,0.53660000,392.66000000,buy,2022-05-14 00:41:12.346475+00:00
2022-05-14T00:41:12.338879Z,70768238,0.53660000,419.34000000,buy,2022-05-14 00:41:12.338879+00:00
2022-05-14T00:41:12.338879Z,70768237,0.53670000,1200.00000000,buy,2022-05-14 00:41:12.338879+00:00
2022-05-14T00:41:12.244957Z,70768236,0.53700000,2427.24000000,sell,2022-05-14 00:41:12.244957+00:00
2022-05-14T00:41:12.164564Z,70768235,0.53690000,1400.00000000,sell,2022-05-14 00:41:12.164564+00:00
2022-05-14T00:41:11.68659Z,70768234,0.53660000,577.02000000,sell,2022-05-14 00:41:11.686590+00:00
2022-05-14T00:41:11.68659Z,70768233,0.53660000,564.66000000,sell,2022-05-14 00:41:11.686590+00:00
2022-05-14T00:41:11.246361Z,70768232,0.53630000,845.00000000,buy,2022-05-14 00:41:11.246361+00:00
2022-05-14T00:41:09.662803Z,70768231,0.53630000,0.01000000,buy,2022-05-14 00:41:09.662803+00:00
2022-05-14T00:41:09.64754Z,70768230,0.53630000,16.60000000,buy,2022-05-14 00:41:09.647540+00:00
2022-05-14T00:41:09.249577Z,70768229,0.53630000,259.28000000,buy,2022-05-14 00:41:09.249577+00:00
2022-05-14T00:41:08.195126Z,70768228,0.53660000,3279.74000000,sell,2022-05-14 00:41:08.195126+00:00
2022-05-14T00:41:08.195126Z,70768227,0.53660000,812.00000000,sell,2022-05-14 00:41:08.195126+00:00
2022-05-14T00:41:08.195126Z,70768226,0.53650000,114.60000000,sell,2022-05-14 00:41:08.195126+00:00
2022-05-14T00:41:08.195126Z,70768225,0.53650000,520.74000000,sell,2022-05-14 00:41:08.195126+00:00
2022-05-14T00:41:08.195126Z,70768224,0.53650000,547.45000000,sell,2022-05-14 00:41:08.195126+00:00
2022-05-14T00:41:08.195126Z,70768223,0.53640000,325.82000000,sell,2022-05-14 00:41:08.195126+00:00
2022-05-14T00:41:08.174556Z,70768222,0.53630000,0.93000000,buy,2022-05-14 00:41:08.174556+00:00
2022-05-14T00:41:06.166153Z,70768221,0.53640000,133.65000000,sell,2022-05-14 00:41:06.166153+00:00
2022-05-14T00:41:03.609973Z,70768220,0.53640000,88.99000000,sell,2022-05-14 00:41:03.609973+00:00
2022-05-14T00:41:02.993451Z,70768219,0.53640000,0.84000000,sell,2022-05-14 00:41:02.993451+00:00
2022-05-14T00:41:02.486248Z,70768218,0.53640000,92.68000000,sell,2022-05-14 00:41:02.486248+00:00
2022-05-14T00:41:01.879652Z,70768217,0.53640000,61.76000000,sell,2022-05-14 00:41:01.879652+00:00
2022-05-14T00:41:01.122681Z,70768216,0.53620000,1400.00000000,buy,2022-05-14 00:41:01.122681+00:00
2022-05-14T00:41:01.093997Z,70768215,0.53620000,1400.00000000,sell,2022-05-14 00:41:01.093997+00:00
2022-05-14T00:41:01.082798Z,70768214,0.53610000,954.00000000,sell,2022-05-14 00:41:01.082798+00:00
2022-05-14T00:40:58.416017Z,70768213,0.53610000,3.34000000,sell,2022-05-14 00:40:58.416017+00:00
2022-05-14T00:40:58.199272Z,70768212,0.53610000,88.99000000,sell,2022-05-14 00:40:58.199272+00:00
2022-05-14T00:40:58.009643Z,70768211,0.53600000,3.50000000,sell,2022-05-14 00:40:58.009643+00:00
2022-05-14T00:40:57.144092Z,70768210,0.53580000,78.34000000,buy,2022-05-14 00:40:57.144092+00:00
2022-05-14T00:40:56.211569Z,70768209,0.53600000,25.07000000,sell,2022-05-14 00:40:56.211569+00:00
2022-05-14T00:40:56.06168Z,70768208,0.53600000,179.99000000,sell,2022-05-14 00:40:56.061680+00:00
2022-05-14T00:40:55.873125Z,70768207,0.53580000,9.70000000,buy,2022-05-14 00:40:55.873125+00:00
2022-05-14T00:40:55.565012Z,70768206,0.53600000,0.06000000,buy,2022-05-14 00:40:55.565012+00:00
2022-05-14T00:40:55.501872Z,70768205,0.53600000,1.00000000,buy,2022-05-14 00:40:55.501872+00:00
2022-05-14T00:40:55.431707Z,70768204,0.53620000,742.87000000,sell,2022-05-14 00:40:55.431707+00:00
2022-05-14T00:40:54.503687Z,70768203,0.53600000,186.39000000,buy,2022-05-14 00:40:54.503687+00:00
2022-05-14T00:40:54.261744Z,70768202,0.53620000,115.05000000,sell,2022-05-14 00:40:54.261744+00:00
2022-05-14T00:40:53.761373Z,70768201,0.53610000,466.00000000,buy,2022-05-14 00:40:53.761373+00:00
2022-05-14T00:40:52.472652Z,70768200,0.53640000,549.00000000,buy,2022-05-14 00:40:52.472652+00:00
2022-05-14T00:40:52.357335Z,70768199,0.53670000,18.55000000,sell,2022-05-14 00:40:52.357335+00:00
2022-05-14T00:40:50.679437Z,70768198,0.53680000,0.68000000,sell,2022-05-14 00:40:50.679437+00:00
2022-05-14T00:40:45.442599Z,70768197,0.53650000,0.63000000,sell,2022-05-14 00:40:45.442599+00:00
2022-05-14T00:40:44.943339Z,70768196,0.53640000,43.00000000,buy,2022-05-14 00:40:44.943339+00:00
2022-05-14T00:40:41.534643Z,70768195,0.53640000,100.00000000,sell,2022-05-14 00:40:41.534643+00:00
2022-05-14T00:40:39.251812Z,70768194,0.53640000,51.97000000,sell,2022-05-14 00:40:39.251812+00:00
2022-05-14T00:40:38.955535Z,70768193,0.53630000,204.22000000,sell,2022-05-14 00:40:38.955535+00:00
2022-05-14T00:40:37.765556Z,70768192,0.53630000,109.25000000,sell,2022-05-14 00:40:37.765556+00:00
2022-05-14T00:40:34.810169Z,70768191,0.53630000,185.64000000,sell,2022-05-14 00:40:34.810169+00:00
2022-05-14T00:40:26.727371Z,70768190,0.53600000,1.52000000,sell,2022-05-14 00:40:26.727371+00:00
2022-05-14T00:40:25.260869Z,70768189,0.53600000,7.32000000,sell,2022-05-14 00:40:25.260869+00:00
2022-05-14T00:40:21.820884Z,70768188,0.53600000,89.06000000,sell,2022-05-14 00:40:21.820884+00:00
2022-05-14T00:40:19.712783Z,70768187,0.53600000,1.11000000,sell,2022-05-14 00:40:19.712783+00:00
2022-05-14T00:40:18.421993Z,70768186,0.53580000,1487.00000000,buy,2022-05-14 00:40:18.421993+00:00
2022-05-14T00:40:18.37252Z,70768185,0.53590000,563.86000000,buy,2022-05-14 00:40:18.372520+00:00
2022-05-14T00:40:18.061984Z,70768184,0.53620000,19.36000000,sell,2022-05-14 00:40:18.061984+00:00
2022-05-14T00:40:17.270288Z,70768183,0.53600000,1400.00000000,buy,2022-05-14 00:40:17.270288+00:00
2022-05-14T00:40:17.233544Z,70768182,0.53620000,600.16000000,buy,2022-05-14 00:40:17.233544+00:00
2022-05-14T00:40:16.440134Z,70768181,0.53610000,589.45000000,buy,2022-05-14 00:40:16.440134+00:00
2022-05-14T00:40:16.395956Z,70768180,0.53620000,466.02000000,buy,2022-05-14 00:40:16.395956+00:00
2022-05-14T00:40:16.395956Z,70768179,0.53620000,812.00000000,buy,2022-05-14 00:40:16.395956+00:00
2022-05-14T00:40:16.395956Z,70768178,0.53620000,873.88000000,buy,2022-05-14 00:40:16.395956+00:00
2022-05-14T00:40:16.395956Z,70768177,0.53630000,0.01000000,buy,2022-05-14 00:40:16.395956+00:00
2022-05-14T00:40:16.392676Z,70768176,0.53630000,1399.99000000,buy,2022-05-14 00:40:16.392676+00:00
2022-05-14T00:40:16.392676Z,70768175,0.53630000,516.34000000,buy,2022-05-14 00:40:16.392676+00:00
2022-05-14T00:40:16.392676Z,70768174,0.53640000,749.00000000,buy,2022-05-14 00:40:16.392676+00:00
2022-05-14T00:40:15.069058Z,70768173,0.53660000,133.53000000,sell,2022-05-14 00:40:15.069058+00:00
2022-05-14T00:40:14.29328Z,70768172,0.53640000,57.61000000,sell,2022-05-14 00:40:14.293280+00:00
2022-05-14T00:40:12.939699Z,70768171,0.53620000,89.03000000,sell,2022-05-14 00:40:12.939699+00:00
2022-05-14T00:40:12.501911Z,70768170,0.53610000,40.00000000,sell,2022-05-14 00:40:12.501911+00:00
2022-05-14T00:40:10.998502Z,70768169,0.53610000,20.00000000,sell,2022-05-14 00:40:10.998502+00:00
2022-05-14T00:40:09.400728Z,70768168,0.53540000,1900.50000000,sell,2022-05-14 00:40:09.400728+00:00
2022-05-14T00:40:09.388049Z,70768167,0.53540000,812.00000000,sell,2022-05-14 00:40:09.388049+00:00
2022-05-14T00:40:09.345469Z,70768166,0.53530000,749.00000000,sell,2022-05-14 00:40:09.345469+00:00
2022-05-14T00:40:09.345469Z,70768165,0.53530000,749.00000000,sell,2022-05-14 00:40:09.345469+00:00
2022-05-14T00:40:09.232722Z,70768164,0.53540000,2085.00000000,buy,2022-05-14 00:40:09.232722+00:00
2022-05-14T00:40:09.136218Z,70768163,0.53520000,3710.00000000,sell,2022-05-14 00:40:09.136218+00:00
2022-05-14T00:40:08.516642Z,70768162,0.53510000,837.10000000,buy,2022-05-14 00:40:08.516642+00:00
2022-05-14T00:40:08.497488Z,70768161,0.53510000,562.90000000,buy,2022-05-14 00:40:08.497488+00:00
2022-05-14T00:40:07.841075Z,70768160,0.53550000,102.09000000,sell,2022-05-14 00:40:07.841075+00:00
2022-05-14T00:40:07.527321Z,70768159,0.53540000,972.10000000,buy,2022-05-14 00:40:07.527321+00:00
2022-05-14T00:40:07.430638Z,70768158,0.53540000,5842.02000000,buy,2022-05-14 00:40:07.430638+00:00
2022-05-14T00:40:07.4097Z,70768157,0.53550000,1400.00000000,buy,2022-05-14 00:40:07.409700+00:00
2022-05-14T00:40:07.390882Z,70768156,0.53550000,1000.00000000,buy,2022-05-14 00:40:07.390882+00:00
2022-05-14T00:40:07.377012Z,70768155,0.53570000,411.00000000,buy,2022-05-14 00:40:07.377012+00:00
2022-05-14T00:40:07.364877Z,70768154,0.53570000,989.00000000,buy,2022-05-14 00:40:07.364877+00:00
2022-05-14T00:40:07.301133Z,70768153,0.53580000,563.64000000,buy,2022-05-14 00:40:07.301133+00:00
2022-05-14T00:40:07.010161Z,70768152,0.53630000,1200.00000000,buy,2022-05-14 00:40:07.010161+00:00
2022-05-14T00:40:06.991233Z,70768151,0.53620000,425.02000000,buy,2022-05-14 00:40:06.991233+00:00
2022-05-14T00:40:06.991233Z,70768150,0.53620000,1200.00000000,buy,2022-05-14 00:40:06.991233+00:00
2022-05-14T00:40:06.991233Z,70768149,0.53620000,2183.75000000,buy,2022-05-14 00:40:06.991233+00:00
2022-05-14T00:40:06.991233Z,70768148,0.53620000,812.00000000,buy,2022-05-14 00:40:06.991233+00:00
2022-05-14T00:40:06.991003Z,70768147,0.53630000,0.01000000,buy,2022-05-14 00:40:06.991003+00:00
2022-05-14T00:40:06.986455Z,70768146,0.53630000,1399.99000000,buy,2022-05-14 00:40:06.986455+00:00
2022-05-14T00:40:06.986455Z,70768145,0.53630000,1200.00000000,buy,2022-05-14 00:40:06.986455+00:00
2022-05-14T00:40:06.941624Z,70768144,0.53650000,69.02000000,sell,2022-05-14 00:40:06.941624+00:00
2022-05-14T00:40:06.258769Z,70768143,0.53650000,365.32000000,sell,2022-05-14 00:40:06.258769+00:00
2022-05-14T00:40:04.415828Z,70768142,0.53670000,4431.17000000,sell,2022-05-14 00:40:04.415828+00:00
2022-05-14T00:40:04.389825Z,70768141,0.53670000,7.44000000,sell,2022-05-14 00:40:04.389825+00:00
2022-05-14T00:40:04.071806Z,70768140,0.53680000,55.62000000,sell,2022-05-14 00:40:04.071806+00:00
2022-05-14T00:40:04.071806Z,70768139,0.53680000,15.17000000,sell,2022-05-14 00:40:04.071806+00:00
2022-05-14T00:40:04.071806Z,70768138,0.53680000,29.21000000,sell,2022-05-14 00:40:04.071806+00:00
2022-05-14T00:40:04.071806Z,70768137,0.53670000,500.00000000,sell,2022-05-14 00:40:04.071806+00:00
2022-05-14T00:40:04.071806Z,70768136,0.53670000,1400.00000000,sell,2022-05-14 00:40:04.071806+00:00
2022-05-14T00:40:03.376229Z,70768135,0.53650000,224.11000000,buy,2022-05-14 00:40:03.376229+00:00
2022-05-14T00:40:02.784554Z,70768134,0.53660000,465.96000000,sell,2022-05-14 00:40:02.784554+00:00
2022-05-14T00:39:59.573202Z,70768133,0.53660000,89.03000000,sell,2022-05-14 00:39:59.573202+00:00
2022-05-14T00:39:58.830788Z,70768132,0.53660000,26.61000000,sell,2022-05-14 00:39:58.830788+00:00
2022-05-14T00:39:56.607689Z,70768131,0.53630000,1.86000000,buy,2022-05-14 00:39:56.607689+00:00
2022-05-14T00:39:56.603772Z,70768130,0.53660000,142.91000000,sell,2022-05-14 00:39:56.603772+00:00
2022-05-14T00:39:56.24101Z,70768129,0.53660000,16.72000000,sell,2022-05-14 00:39:56.241010+00:00
2022-05-14T00:39:55.604132Z,70768128,0.53650000,365.59000000,sell,2022-05-14 00:39:55.604132+00:00
2022-05-14T00:39:55.241729Z,70768127,0.53620000,101.80000000,buy,2022-05-14 00:39:55.241729+00:00
2022-05-14T00:39:54.535081Z,70768126,0.53640000,427.53000000,buy,2022-05-14 00:39:54.535081+00:00
2022-05-14T00:39:54.535081Z,70768125,0.53640000,549.82000000,buy,2022-05-14 00:39:54.535081+00:00
2022-05-14T00:39:54.535081Z,70768124,0.53640000,561.08000000,buy,2022-05-14 00:39:54.535081+00:00
2022-05-14T00:39:53.988187Z,70768123,0.53670000,9.29000000,sell,2022-05-14 00:39:53.988187+00:00
2022-05-14T00:39:52.961504Z,70768122,0.53660000,465.79000000,buy,2022-05-14 00:39:52.961504+00:00
2022-05-14T00:39:52.961504Z,70768121,0.53660000,812.00000000,buy,2022-05-14 00:39:52.961504+00:00
2022-05-14T00:39:52.961504Z,70768120,0.53660000,1400.00000000,buy,2022-05-14 00:39:52.961504+00:00
2022-05-14T00:39:52.961504Z,70768119,0.53660000,357.12000000,buy,2022-05-14 00:39:52.961504+00:00
2022-05-14T00:39:52.957953Z,70768118,0.53660000,842.88000000,buy,2022-05-14 00:39:52.957953+00:00
2022-05-14T00:39:50.392415Z,70768117,0.53660000,465.98000000,sell,2022-05-14 00:39:50.392415+00:00
2022-05-14T00:39:49.255515Z,70768116,0.53670000,18.54000000,sell,2022-05-14 00:39:49.255515+00:00
2022-05-14T00:39:47.905452Z,70768115,0.53660000,569.20000000,sell,2022-05-14 00:39:47.905452+00:00
2022-05-14T00:39:47.36597Z,70768114,0.53650000,4.80000000,sell,2022-05-14 00:39:47.365970+00:00
2022-05-14T00:39:46.715217Z,70768113,0.53650000,89.06000000,sell,2022-05-14 00:39:46.715217+00:00
2022-05-14T00:39:46.259946Z,70768112,0.53630000,0.50000000,buy,2022-05-14 00:39:46.259946+00:00
2022-05-14T00:39:46.107023Z,70768111,0.53650000,456.94000000,sell,2022-05-14 00:39:46.107023+00:00
2022-05-14T00:39:45.954658Z,70768110,0.53640000,3047.20000000,sell,2022-05-14 00:39:45.954658+00:00
2022-05-14T00:39:45.850079Z,70768109,0.53640000,652.66000000,sell,2022-05-14 00:39:45.850079+00:00
2022-05-14T00:39:45.837972Z,70768108,0.53640000,2300.14000000,sell,2022-05-14 00:39:45.837972+00:00
2022-05-14T00:39:45.837972Z,70768107,0.53640000,1200.00000000,sell,2022-05-14 00:39:45.837972+00:00
2022-05-14T00:39:45.162424Z,70768106,0.53620000,1400.00000000,buy,2022-05-14 00:39:45.162424+00:00
2022-05-14T00:39:44.483659Z,70768105,0.53630000,10.23000000,buy,2022-05-14 00:39:44.483659+00:00
2022-05-14T00:39:44.483659Z,70768104,0.53640000,565.87000000,buy,2022-05-14 00:39:44.483659+00:00
2022-05-14T00:39:42.68594Z,70768103,0.53670000,0.85000000,sell,2022-05-14 00:39:42.685940+00:00
2022-05-14T00:39:41.614157Z,70768102,0.53640000,293.09000000,buy,2022-05-14 00:39:41.614157+00:00
2022-05-14T00:39:39.286391Z,70768101,0.53650000,340.56000000,buy,2022-05-14 00:39:39.286391+00:00
2022-05-14T00:39:39.276395Z,70768100,0.53650000,1200.00000000,buy,2022-05-14 00:39:39.276395+00:00
2022-05-14T00:39:39.276395Z,70768099,0.53650000,176.09000000,buy,2022-05-14 00:39:39.276395+00:00
2022-05-14T00:39:39.272457Z,70768098,0.53650000,523.06000000,buy,2022-05-14 00:39:39.272457+00:00
2022-05-14T00:39:39.268883Z,70768097,0.53650000,700.85000000,buy,2022-05-14 00:39:39.268883+00:00
2022-05-14T00:39:39.268883Z,70768096,0.53650000,55.08000000,buy,2022-05-14 00:39:39.268883+00:00
2022-05-14T00:39:39.265172Z,70768095,0.53650000,300.90000000,buy,2022-05-14 00:39:39.265172+00:00
2022-05-14T00:39:39.255903Z,70768094,0.53650000,456.02000000,buy,2022-05-14 00:39:39.255903+00:00
2022-05-14T00:39:38.740776Z,70768093,0.53680000,16.72000000,sell,2022-05-14 00:39:38.740776+00:00
2022-05-14T00:39:38.331927Z,70768092,0.53650000,400.00000000,sell,2022-05-14 00:39:38.331927+00:00
2022-05-14T00:39:38.327496Z,70768091,0.53640000,1200.00000000,sell,2022-05-14 00:39:38.327496+00:00
2022-05-14T00:39:37.612049Z,70768090,0.53630000,259.69000000,sell,2022-05-14 00:39:37.612049+00:00
2022-05-14T00:39:37.608304Z,70768089,0.53630000,940.31000000,sell,2022-05-14 00:39:37.608304+00:00
2022-05-14T00:39:37.393435Z,70768088,0.53610000,1.49000000,buy,2022-05-14 00:39:37.393435+00:00
2022-05-14T00:39:37.175413Z,70768087,0.53620000,560.80000000,buy,2022-05-14 00:39:37.175413+00:00
2022-05-14T00:39:36.331516Z,70768086,0.53640000,287.24000000,sell,2022-05-14 00:39:36.331516+00:00
2022-05-14T00:39:36.331516Z,70768085,0.53640000,540.85000000,sell,2022-05-14 00:39:36.331516+00:00
2022-05-14T00:39:36.331516Z,70768084,0.53640000,812.00000000,sell,2022-05-14 00:39:36.331516+00:00
2022-05-14T00:39:36.331516Z,70768083,0.53640000,1400.00000000,sell,2022-05-14 00:39:36.331516+00:00
2022-05-14T00:39:36.331516Z,70768082,0.53630000,466.21000000,sell,2022-05-14 00:39:36.331516+00:00
2022-05-14T00:39:36.331516Z,70768081,0.53630000,158.81000000,sell,2022-05-14 00:39:36.331516+00:00
2022-05-14T00:39:35.411056Z,70768080,0.53620000,69.65000000,sell,2022-05-14 00:39:35.411056+00:00
2022-05-14T00:39:35.231183Z,70768079,0.53610000,16.72000000,sell,2022-05-14 00:39:35.231183+00:00
2022-05-14T00:39:34.944746Z,70768078,0.53580000,111.50000000,buy,2022-05-14 00:39:34.944746+00:00
2022-05-14T00:39:34.695784Z,70768077,0.53600000,609.83000000,buy,2022-05-14 00:39:34.695784+00:00
2022-05-14T00:39:34.695784Z,70768076,0.53610000,749.00000000,buy,2022-05-14 00:39:34.695784+00:00
2022-05-14T00:39:33.834668Z,70768075,0.53640000,16.77000000,sell,2022-05-14 00:39:33.834668+00:00
2022-05-14T00:39:32.509647Z,70768074,0.53640000,0.53000000,sell,2022-05-14 00:39:32.509647+00:00
2022-05-14T00:39:32.329584Z,70768073,0.53630000,16.76000000,sell,2022-05-14 00:39:32.329584+00:00
2022-05-14T00:39:31.390277Z,70768072,0.53630000,18.54000000,sell,2022-05-14 00:39:31.390277+00:00
2022-05-14T00:39:27.807773Z,70768071,0.53620000,1.37000000,sell,2022-05-14 00:39:27.807773+00:00
2022-05-14T00:39:27.583395Z,70768070,0.53600000,17.84000000,buy,2022-05-14 00:39:27.583395+00:00
2022-05-14T00:39:26.808275Z,70768069,0.53620000,89.29000000,sell,2022-05-14 00:39:26.808275+00:00
2022-05-14T00:39:26.483825Z,70768068,0.53650000,89.21000000,sell,2022-05-14 00:39:26.483825+00:00
2022-05-14T00:39:24.518456Z,70768067,0.53630000,353.60000000,sell,2022-05-14 00:39:24.518456+00:00
2022-05-14T00:39:24.501968Z,70768066,0.53630000,241.98000000,sell,2022-05-14 00:39:24.501968+00:00
2022-05-14T00:39:24.501968Z,70768065,0.53630000,1839.97000000,sell,2022-05-14 00:39:24.501968+00:00
2022-05-14T00:39:24.501968Z,70768064,0.53630000,812.00000000,sell,2022-05-14 00:39:24.501968+00:00
2022-05-14T00:39:23.191514Z,70768063,0.53610000,43.72000000,sell,2022-05-14 00:39:23.191514+00:00
2022-05-14T00:39:21.877216Z,70768062,0.53590000,363.56000000,buy,2022-05-14 00:39:21.877216+00:00
2022-05-14T00:39:21.872253Z,70768061,0.53590000,102.87000000,buy,2022-05-14 00:39:21.872253+00:00
2022-05-14T00:39:21.872253Z,70768060,0.53590000,1400.00000000,buy,2022-05-14 00:39:21.872253+00:00
2022-05-14T00:39:21.872253Z,70768059,0.53590000,400.00000000,buy,2022-05-14 00:39:21.872253+00:00
2022-05-14T00:39:21.872253Z,70768058,0.53590000,472.80000000,buy,2022-05-14 00:39:21.872253+00:00
2022-05-14T00:39:21.872253Z,70768057,0.53590000,727.20000000,buy,2022-05-14 00:39:21.872253+00:00
2022-05-14T00:39:20.71936Z,70768056,0.53590000,590.73000000,sell,2022-05-14 00:39:20.719360+00:00
2022-05-14T00:39:18.523184Z,70768055,0.53560000,6000.00000000,sell,2022-05-14 00:39:18.523184+00:00
2022-05-14T00:39:14.642378Z,70768054,0.53580000,1035.45000000,buy,2022-05-14 00:39:14.642378+00:00
2022-05-14T00:39:14.472026Z,70768053,0.53580000,486.00000000,sell,2022-05-14 00:39:14.472026+00:00
2022-05-14T00:39:14.451075Z,70768052,0.53570000,562.29000000,sell,2022-05-14 00:39:14.451075+00:00
2022-05-14T00:39:13.107431Z,70768051,0.53520000,1.06000000,buy,2022-05-14 00:39:13.107431+00:00
2022-05-14T00:39:12.177602Z,70768050,0.53540000,83.32000000,sell,2022-05-14 00:39:12.177602+00:00
2022-05-14T00:39:12.173705Z,70768049,0.53540000,1116.68000000,sell,2022-05-14 00:39:12.173705+00:00
2022-05-14T00:39:12.105529Z,70768048,0.53530000,674.36000000,sell,2022-05-14 00:39:12.105529+00:00
2022-05-14T00:39:11.656926Z,70768047,0.53530000,330.86000000,sell,2022-05-14 00:39:11.656926+00:00
2022-05-14T00:39:11.628085Z,70768046,0.53530000,494.45000000,sell,2022-05-14 00:39:11.628085+00:00
2022-05-14T00:39:11.628085Z,70768045,0.53520000,232.53000000,sell,2022-05-14 00:39:11.628085+00:00
2022-05-14T00:39:11.495666Z,70768044,0.53530000,288.89000000,sell,2022-05-14 00:39:11.495666+00:00
2022-05-14T00:39:11.450635Z,70768043,0.53520000,1400.00000000,sell,2022-05-14 00:39:11.450635+00:00
2022-05-14T00:39:11.450635Z,70768042,0.53520000,93.50000000,sell,2022-05-14 00:39:11.450635+00:00
2022-05-14T00:39:11.401341Z,70768041,0.53510000,926.12000000,sell,2022-05-14 00:39:11.401341+00:00
2022-05-14T00:39:10.800369Z,70768040,0.53490000,1.21000000,sell,2022-05-14 00:39:10.800369+00:00
2022-05-14T00:39:10.102985Z,70768039,0.53460000,8.87000000,buy,2022-05-14 00:39:10.102985+00:00
2022-05-14T00:39:09.753633Z,70768038,0.53470000,0.69000000,sell,2022-05-14 00:39:09.753633+00:00
2022-05-14T00:39:08.996893Z,70768037,0.53460000,1200.00000000,buy,2022-05-14 00:39:08.996893+00:00
2022-05-14T00:39:08.689297Z,70768036,0.53470000,1200.00000000,buy,2022-05-14 00:39:08.689297+00:00
2022-05-14T00:39:08.506669Z,70768035,0.53450000,749.00000000,sell,2022-05-14 00:39:08.506669+00:00
2022-05-14T00:39:07.373414Z,70768034,0.53450000,1.00000000,buy,2022-05-14 00:39:07.373414+00:00
2022-05-14T00:39:06.080734Z,70768033,0.53460000,294.06000000,buy,2022-05-14 00:39:06.080734+00:00
2022-05-14T00:39:06.050169Z,70768032,0.53460000,338.53000000,buy,2022-05-14 00:39:06.050169+00:00
2022-05-14T00:39:06.000183Z,70768031,0.53470000,373.90000000,buy,2022-05-14 00:39:06.000183+00:00
2022-05-14T00:39:05.037306Z,70768030,0.53490000,400.00000000,buy,2022-05-14 00:39:05.037306+00:00
2022-05-14T00:39:05.020126Z,70768029,0.53490000,505.90000000,buy,2022-05-14 00:39:05.020126+00:00
2022-05-14T00:39:04.97955Z,70768028,0.53510000,1200.00000000,buy,2022-05-14 00:39:04.979550+00:00
2022-05-14T00:39:04.960804Z,70768027,0.53520000,373.20000000,buy,2022-05-14 00:39:04.960804+00:00
2022-05-14T00:39:04.941022Z,70768026,0.53530000,0.01000000,buy,2022-05-14 00:39:04.941022+00:00
2022-05-14T00:39:04.940706Z,70768025,0.53530000,456.35000000,buy,2022-05-14 00:39:04.940706+00:00
2022-05-14T00:39:04.940706Z,70768024,0.53530000,553.38000000,buy,2022-05-14 00:39:04.940706+00:00
2022-05-14T00:39:04.880592Z,70768023,0.53550000,92.74000000,sell,2022-05-14 00:39:04.880592+00:00
2022-05-14T00:39:03.045027Z,70768022,0.53550000,18.56000000,sell,2022-05-14 00:39:03.045027+00:00
2022-05-14T00:39:03.036856Z,70768021,0.53550000,932.30000000,sell,2022-05-14 00:39:03.036856+00:00
2022-05-14T00:39:02.983265Z,70768020,0.53550000,1.07000000,sell,2022-05-14 00:39:02.983265+00:00
2022-05-14T00:39:02.919207Z,70768019,0.53530000,527.31000000,buy,2022-05-14 00:39:02.919207+00:00
2022-05-14T00:39:02.91557Z,70768018,0.53530000,557.00000000,buy,2022-05-14 00:39:02.915570+00:00
2022-05-14T00:39:02.912226Z,70768017,0.53530000,315.69000000,buy,2022-05-14 00:39:02.912226+00:00
2022-05-14T00:39:02.912226Z,70768016,0.53530000,219.67000000,buy,2022-05-14 00:39:02.912226+00:00
2022-05-14T00:39:02.902236Z,70768015,0.53530000,337.42000000,buy,2022-05-14 00:39:02.902236+00:00
2022-05-14T00:39:02.878046Z,70768014,0.53530000,906.44000000,buy,2022-05-14 00:39:02.878046+00:00
2022-05-14T00:39:02.878046Z,70768013,0.53530000,932.48000000,buy,2022-05-14 00:39:02.878046+00:00
2022-05-14T00:39:02.869832Z,70768012,0.53550000,1200.00000000,buy,2022-05-14 00:39:02.869832+00:00
2022-05-14T00:39:01.836528Z,70768011,0.53580000,111.31000000,sell,2022-05-14 00:39:01.836528+00:00
2022-05-14T00:39:00.008967Z,70768010,0.53590000,334.57000000,sell,2022-05-14 00:39:00.008967+00:00
2022-05-14T00:39:00.005158Z,70768009,0.53590000,315.93000000,sell,2022-05-14 00:39:00.005158+00:00
2022-05-14T00:39:00.005158Z,70768008,0.53580000,400.00000000,sell,2022-05-14 00:39:00.005158+00:00
2022-05-14T00:39:00.005158Z,70768007,0.53580000,643.41000000,sell,2022-05-14 00:39:00.005158+00:00
2022-05-14T00:39:00.001003Z,70768006,0.53580000,756.59000000,sell,2022-05-14 00:39:00.001003+00:00
2022-05-14T00:38:59.903624Z,70768005,0.53560000,464.60000000,buy,2022-05-14 00:38:59.903624+00:00
2022-05-14T00:38:59.822053Z,70768004,0.53590000,1200.00000000,buy,2022-05-14 00:38:59.822053+00:00
2022-05-14T00:38:59.822053Z,70768003,0.53590000,0.01000000,buy,2022-05-14 00:38:59.822053+00:00
2022-05-14T00:38:59.822019Z,70768002,0.53590000,1399.99000000,buy,2022-05-14 00:38:59.822019+00:00
2022-05-14T00:38:59.822019Z,70768001,0.53590000,519.17000000,buy,2022-05-14 00:38:59.822019+00:00
2022-05-14T00:38:58.997416Z,70768000,0.53620000,433.18000000,buy,2022-05-14 00:38:58.997416+00:00
2022-05-14T00:38:58.975833Z,70767999,0.53620000,315.82000000,buy,2022-05-14 00:38:58.975833+00:00
2022-05-14T00:38:56.063525Z,70767998,0.53650000,1044.42000000,sell,2022-05-14 00:38:56.063525+00:00
2022-05-14T00:38:56.063204Z,70767997,0.53650000,355.58000000,sell,2022-05-14 00:38:56.063204+00:00
2022-05-14T00:38:56.063204Z,70767996,0.53650000,22.92000000,sell,2022-05-14 00:38:56.063204+00:00
2022-05-14T00:38:55.407373Z,70767995,0.53640000,464.41000000,sell,2022-05-14 00:38:55.407373+00:00
2022-05-14T00:38:55.407373Z,70767994,0.53640000,1894.53000000,sell,2022-05-14 00:38:55.407373+00:00
2022-05-14T00:38:55.407373Z,70767993,0.53640000,4.43000000,sell,2022-05-14 00:38:55.407373+00:00
2022-05-14T00:38:55.407373Z,70767992,0.53630000,52.83000000,sell,2022-05-14 00:38:55.407373+00:00
2022-05-14T00:38:55.302757Z,70767991,0.53620000,53.03000000,sell,2022-05-14 00:38:55.302757+00:00
2022-05-14T00:38:55.273833Z,70767990,0.53610000,13.92000000,sell,2022-05-14 00:38:55.273833+00:00
2022-05-14T00:38:53.000722Z,70767989,0.53570000,1234.34000000,sell,2022-05-14 00:38:53.000722+00:00
2022-05-14T00:38:52.48811Z,70767988,0.53550000,24.89000000,sell,2022-05-14 00:38:52.488110+00:00
2022-05-14T00:38:52.412944Z,70767987,0.53540000,373.60000000,sell,2022-05-14 00:38:52.412944+00:00
2022-05-14T00:38:51.888869Z,70767986,0.53500000,75.13000000,buy,2022-05-14 00:38:51.888869+00:00
2022-05-14T00:38:51.577834Z,70767985,0.53520000,17.65000000,sell,2022-05-14 00:38:51.577834+00:00
2022-05-14T00:38:51.240504Z,70767984,0.53520000,482.20000000,sell,2022-05-14 00:38:51.240504+00:00
2022-05-14T00:38:50.297293Z,70767983,0.53510000,553.80000000,sell,2022-05-14 00:38:50.297293+00:00
2022-05-14T00:38:49.113221Z,70767982,0.53490000,60.84000000,buy,2022-05-14 00:38:49.113221+00:00
2022-05-14T00:38:46.045899Z,70767981,0.53510000,3859.64000000,sell,2022-05-14 00:38:46.045899+00:00
2022-05-14T00:38:46.045899Z,70767980,0.53510000,812.00000000,sell,2022-05-14 00:38:46.045899+00:00
2022-05-14T00:38:46.045899Z,70767979,0.53510000,2033.09000000,sell,2022-05-14 00:38:46.045899+00:00
2022-05-14T00:38:46.045899Z,70767978,0.53500000,812.00000000,sell,2022-05-14 00:38:46.045899+00:00
2022-05-14T00:38:46.045899Z,70767977,0.53500000,1400.00000000,sell,2022-05-14 00:38:46.045899+00:00
2022-05-14T00:38:46.045899Z,70767976,0.53490000,812.00000000,sell,2022-05-14 00:38:46.045899+00:00
2022-05-14T00:38:46.045899Z,70767975,0.53490000,537.18000000,sell,2022-05-14 00:38:46.045899+00:00
2022-05-14T00:38:46.045899Z,70767974,0.53490000,562.48000000,sell,2022-05-14 00:38:46.045899+00:00
2022-05-14T00:38:46.045899Z,70767973,0.53490000,1400.00000000,sell,2022-05-14 00:38:46.045899+00:00
2022-05-14T00:38:46.045899Z,70767972,0.53490000,1200.00000000,sell,2022-05-14 00:38:46.045899+00:00
2022-05-14T00:38:46.045899Z,70767971,0.53480000,1200.00000000,sell,2022-05-14 00:38:46.045899+00:00
2022-05-14T00:38:45.508949Z,70767970,0.53470000,593.90000000,buy,2022-05-14 00:38:45.508949+00:00
2022-05-14T00:38:43.768928Z,70767969,0.53500000,180.73000000,sell,2022-05-14 00:38:43.768928+00:00
2022-05-14T00:38:42.572539Z,70767968,0.53450000,1185.23000000,buy,2022-05-14 00:38:42.572539+00:00
2022-05-14T00:38:42.572539Z,70767967,0.53450000,1200.00000000,buy,2022-05-14 00:38:42.572539+00:00
2022-05-14T00:38:42.506661Z,70767966,0.53480000,642.47000000,sell,2022-05-14 00:38:42.506661+00:00
2022-05-14T00:38:41.84155Z,70767965,0.53440000,400.00000000,sell,2022-05-14 00:38:41.841550+00:00
2022-05-14T00:38:41.84155Z,70767964,0.53440000,876.09000000,sell,2022-05-14 00:38:41.841550+00:00
2022-05-14T00:38:41.84155Z,70767963,0.53430000,139.89000000,sell,2022-05-14 00:38:41.841550+00:00
2022-05-14T00:38:41.289588Z,70767962,0.53420000,0.01000000,sell,2022-05-14 00:38:41.289588+00:00
2022-05-14T00:38:41.285524Z,70767961,0.53420000,748.99000000,sell,2022-05-14 00:38:41.285524+00:00
2022-05-14T00:38:40.720189Z,70767960,0.53410000,0.09000000,sell,2022-05-14 00:38:40.720189+00:00
2022-05-14T00:38:40.680639Z,70767959,0.53410000,233.50000000,sell,2022-05-14 00:38:40.680639+00:00
2022-05-14T00:38:38.674076Z,70767958,0.53420000,13.02000000,sell,2022-05-14 00:38:38.674076+00:00
2022-05-14T00:38:37.967925Z,70767957,0.53390000,466.37000000,buy,2022-05-14 00:38:37.967925+00:00
2022-05-14T00:38:37.967925Z,70767956,0.53390000,1400.00000000,buy,2022-05-14 00:38:37.967925+00:00
2022-05-14T00:38:37.696797Z,70767955,0.53400000,0.01000000,sell,2022-05-14 00:38:37.696797+00:00
2022-05-14T00:38:37.696747Z,70767954,0.53400000,240.90000000,sell,2022-05-14 00:38:37.696747+00:00
2022-05-14T00:38:37.696747Z,70767953,0.53400000,2000.00000000,sell,2022-05-14 00:38:37.696747+00:00
2022-05-14T00:38:35.701442Z,70767952,0.53410000,1.30000000,sell,2022-05-14 00:38:35.701442+00:00
2022-05-14T00:38:33.904905Z,70767951,0.53410000,918.85000000,sell,2022-05-14 00:38:33.904905+00:00
2022-05-14T00:38:33.083849Z,70767950,0.53420000,635.04000000,sell,2022-05-14 00:38:33.083849+00:00
2022-05-14T00:38:33.083849Z,70767949,0.53410000,1200.00000000,sell,2022-05-14 00:38:33.083849+00:00
2022-05-14T00:38:33.036871Z,70767948,0.53420000,9.32000000,sell,2022-05-14 00:38:33.036871+00:00
2022-05-14T00:38:32.996986Z,70767947,0.53420000,0.08000000,buy,2022-05-14 00:38:32.996986+00:00
2022-05-14T00:38:32.837253Z,70767946,0.53430000,27.51000000,sell,2022-05-14 00:38:32.837253+00:00
2022-05-14T00:38:32.639813Z,70767945,0.53420000,348.60000000,buy,2022-05-14 00:38:32.639813+00:00
2022-05-14T00:38:28.800901Z,70767944,0.53390000,100.00000000,buy,2022-05-14 00:38:28.800901+00:00
2022-05-14T00:38:27.957664Z,70767943,0.53410000,124.82000000,sell,2022-05-14 00:38:27.957664+00:00
2022-05-14T00:38:27.386063Z,70767942,0.53410000,359.52000000,sell,2022-05-14 00:38:27.386063+00:00
2022-05-14T00:38:27.386063Z,70767941,0.53410000,528.24000000,sell,2022-05-14 00:38:27.386063+00:00
2022-05-14T00:38:25.674507Z,70767940,0.53410000,1.41000000,sell,2022-05-14 00:38:25.674507+00:00
2022-05-14T00:38:25.423258Z,70767939,0.53410000,70.70000000,sell,2022-05-14 00:38:25.423258+00:00
2022-05-14T00:38:25.391872Z,70767938,0.53390000,1400.00000000,buy,2022-05-14 00:38:25.391872+00:00
2022-05-14T00:38:25.383085Z,70767937,0.53400000,2085.00000000,buy,2022-05-14 00:38:25.383085+00:00
2022-05-14T00:38:23.515552Z,70767936,0.53400000,205.72000000,sell,2022-05-14 00:38:23.515552+00:00
2022-05-14T00:38:23.18399Z,70767935,0.53390000,927.00000000,buy,2022-05-14 00:38:23.183990+00:00
2022-05-14T00:38:23.18399Z,70767934,0.53390000,2085.00000000,buy,2022-05-14 00:38:23.183990+00:00
2022-05-14T00:38:23.154979Z,70767933,0.53390000,583.53000000,sell,2022-05-14 00:38:23.154979+00:00
2022-05-14T00:38:23.150844Z,70767932,0.53390000,343.56000000,sell,2022-05-14 00:38:23.150844+00:00
2022-05-14T00:38:23.144842Z,70767931,0.53390000,943.73000000,sell,2022-05-14 00:38:23.144842+00:00
2022-05-14T00:38:23.125113Z,70767930,0.53380000,6000.00000000,sell,2022-05-14 00:38:23.125113+00:00
2022-05-14T00:38:21.627435Z,70767929,0.53380000,0.67000000,sell,2022-05-14 00:38:21.627435+00:00
2022-05-14T00:38:21.578846Z,70767928,0.53380000,100.00000000,sell,2022-05-14 00:38:21.578846+00:00
2022-05-14T00:38:21.29035Z,70767927,0.53380000,48.56000000,sell,2022-05-14 00:38:21.290350+00:00
2022-05-14T00:38:20.663828Z,70767926,0.53350000,749.00000000,sell,2022-05-14 00:38:20.663828+00:00
2022-05-14T00:38:20.402564Z,70767925,0.53350000,752.53000000,buy,2022-05-14 00:38:20.402564+00:00
2022-05-14T00:38:18.413274Z,70767924,0.53350000,1.06000000,sell,2022-05-14 00:38:18.413274+00:00
2022-05-14T00:38:18.066387Z,70767923,0.53350000,202.02000000,buy,2022-05-14 00:38:18.066387+00:00
2022-05-14T00:38:16.872785Z,70767922,0.53340000,762.50000000,sell,2022-05-14 00:38:16.872785+00:00
2022-05-14T00:38:16.836266Z,70767921,0.53340000,366.44000000,sell,2022-05-14 00:38:16.836266+00:00
2022-05-14T00:38:16.788869Z,70767920,0.53340000,1071.06000000,sell,2022-05-14 00:38:16.788869+00:00
2022-05-14T00:38:16.244649Z,70767919,0.53330000,1400.00000000,buy,2022-05-14 00:38:16.244649+00:00
2022-05-14T00:38:16.071555Z,70767918,0.53340000,12.00000000,buy,2022-05-14 00:38:16.071555+00:00
2022-05-14T00:38:15.342166Z,70767917,0.53350000,2085.00000000,buy,2022-05-14 00:38:15.342166+00:00
2022-05-14T00:38:14.30451Z,70767916,0.53370000,1789.68000000,buy,2022-05-14 00:38:14.304510+00:00
2022-05-14T00:38:14.30451Z,70767915,0.53370000,1833.16000000,buy,2022-05-14 00:38:14.304510+00:00
2022-05-14T00:38:14.30451Z,70767914,0.53380000,280.69000000,buy,2022-05-14 00:38:14.304510+00:00
2022-05-14T00:38:14.265339Z,70767913,0.53400000,623.34000000,buy,2022-05-14 00:38:14.265339+00:00
2022-05-14T00:38:14.265339Z,70767912,0.53400000,558.54000000,buy,2022-05-14 00:38:14.265339+00:00
2022-05-14T00:38:14.265339Z,70767911,0.53400000,514.31000000,buy,2022-05-14 00:38:14.265339+00:00
2022-05-14T00:38:14.265339Z,70767910,0.53400000,585.78000000,buy,2022-05-14 00:38:14.265339+00:00
2022-05-14T00:38:14.265339Z,70767909,0.53400000,934.23000000,buy,2022-05-14 00:38:14.265339+00:00
2022-05-14T00:38:12.435184Z,70767908,0.53430000,0.50000000,sell,2022-05-14 00:38:12.435184+00:00
2022-05-14T00:38:11.914009Z,70767907,0.53430000,2085.00000000,buy,2022-05-14 00:38:11.914009+00:00
2022-05-14T00:38:11.812035Z,70767906,0.53430000,2660.00000000,sell,2022-05-14 00:38:11.812035+00:00
2022-05-14T00:38:11.111585Z,70767905,0.53420000,256.04000000,buy,2022-05-14 00:38:11.111585+00:00
2022-05-14T00:38:10.72714Z,70767904,0.53420000,864.50000000,buy,2022-05-14 00:38:10.727140+00:00
2022-05-14T00:38:10.659965Z,70767903,0.53410000,812.00000000,buy,2022-05-14 00:38:10.659965+00:00
2022-05-14T00:38:10.659965Z,70767902,0.53410000,876.00000000,buy,2022-05-14 00:38:10.659965+00:00
2022-05-14T00:38:10.659965Z,70767901,0.53410000,2109.81000000,buy,2022-05-14 00:38:10.659965+00:00
2022-05-14T00:38:10.63189Z,70767900,0.53430000,500.00000000,buy,2022-05-14 00:38:10.631890+00:00
2022-05-14T00:38:10.561827Z,70767899,0.53440000,500.00000000,buy,2022-05-14 00:38:10.561827+00:00
2022-05-14T00:38:10.519005Z,70767898,0.53460000,72.00000000,buy,2022-05-14 00:38:10.519005+00:00
2022-05-14T00:38:10.519005Z,70767897,0.53460000,303.76000000,buy,2022-05-14 00:38:10.519005+00:00
2022-05-14T00:38:10.510399Z,70767896,0.53470000,181.70000000,buy,2022-05-14 00:38:10.510399+00:00
2022-05-14T00:38:10.473829Z,70767895,0.53480000,2478.10000000,buy,2022-05-14 00:38:10.473829+00:00
2022-05-14T00:38:10.473829Z,70767894,0.53480000,812.00000000,buy,2022-05-14 00:38:10.473829+00:00
2022-05-14T00:38:10.465953Z,70767893,0.53490000,400.00000000,buy,2022-05-14 00:38:10.465953+00:00
2022-05-14T00:38:10.465953Z,70767892,0.53490000,467.19000000,buy,2022-05-14 00:38:10.465953+00:00
2022-05-14T00:38:10.465953Z,70767891,0.53490000,1400.00000000,buy,2022-05-14 00:38:10.465953+00:00
2022-05-14T00:38:09.073287Z,70767890,0.53520000,250.00000000,sell,2022-05-14 00:38:09.073287+00:00
2022-05-14T00:38:08.233994Z,70767889,0.53490000,749.00000000,sell,2022-05-14 00:38:08.233994+00:00
2022-05-14T00:38:07.447299Z,70767888,0.53490000,22.30000000,sell,2022-05-14 00:38:07.447299+00:00
2022-05-14T00:38:07.282987Z,70767887,0.53460000,5.50000000,buy,2022-05-14 00:38:07.282987+00:00
2022-05-14T00:38:04.665291Z,70767886,0.53520000,1.33000000,sell,2022-05-14 00:38:04.665291+00:00
2022-05-14T00:38:01.882296Z,70767885,0.53530000,1263.42000000,sell,2022-05-14 00:38:01.882296+00:00
2022-05-14T00:38:01.882296Z,70767884,0.53520000,749.00000000,sell,2022-05-14 00:38:01.882296+00:00
2022-05-14T00:37:58.464584Z,70767883,0.53510000,802.50000000,sell,2022-05-14 00:37:58.464584+00:00
2022-05-14T00:37:58.006884Z,70767882,0.53510000,460.10000000,buy,2022-05-14 00:37:58.006884+00:00
2022-05-14T00:37:57.166876Z,70767881,0.53530000,1892.06000000,buy,2022-05-14 00:37:57.166876+00:00
2022-05-14T00:37:57.166876Z,70767880,0.53530000,4242.91000000,buy,2022-05-14 00:37:57.166876+00:00
2022-05-14T00:37:57.166579Z,70767879,0.53530000,423.43000000,buy,2022-05-14 00:37:57.166579+00:00
2022-05-14T00:37:55.867715Z,70767878,0.53570000,1.47000000,sell,2022-05-14 00:37:55.867715+00:00
2022-05-14T00:37:54.625521Z,70767877,0.53580000,43.65000000,sell,2022-05-14 00:37:54.625521+00:00
2022-05-14T00:37:49.994674Z,70767876,0.53560000,36.37000000,buy,2022-05-14 00:37:49.994674+00:00
2022-05-14T00:37:49.917868Z,70767875,0.53590000,4.10000000,sell,2022-05-14 00:37:49.917868+00:00
2022-05-14T00:37:48.216693Z,70767874,0.53570000,1631.00000000,sell,2022-05-14 00:37:48.216693+00:00
2022-05-14T00:37:47.003452Z,70767873,0.53570000,43.67000000,sell,2022-05-14 00:37:47.003452+00:00
2022-05-14T00:37:46.046202Z,70767872,0.53550000,213.98000000,buy,2022-05-14 00:37:46.046202+00:00
2022-05-14T00:37:45.728917Z,70767871,0.53570000,43.63000000,sell,2022-05-14 00:37:45.728917+00:00
2022-05-14T00:37:44.012385Z,70767870,0.53590000,439.09000000,sell,2022-05-14 00:37:44.012385+00:00
2022-05-14T00:37:44.012385Z,70767869,0.53590000,607.49000000,sell,2022-05-14 00:37:44.012385+00:00
2022-05-14T00:37:44.012385Z,70767868,0.53590000,812.00000000,sell,2022-05-14 00:37:44.012385+00:00
2022-05-14T00:37:43.796323Z,70767867,0.53580000,1324.52000000,sell,2022-05-14 00:37:43.796323+00:00
2022-05-14T00:37:43.796323Z,70767866,0.53580000,532.91000000,sell,2022-05-14 00:37:43.796323+00:00
2022-05-14T00:37:42.68433Z,70767865,0.53560000,38.10000000,sell,2022-05-14 00:37:42.684330+00:00
2022-05-14T00:37:42.378598Z,70767864,0.53560000,180.19000000,sell,2022-05-14 00:37:42.378598+00:00
2022-05-14T00:37:40.071103Z,70767863,0.53570000,457.71000000,sell,2022-05-14 00:37:40.071103+00:00
2022-05-14T00:37:35.826932Z,70767862,0.53550000,980.08000000,buy,2022-05-14 00:37:35.826932+00:00
2022-05-14T00:37:35.826932Z,70767861,0.53560000,466.59000000,buy,2022-05-14 00:37:35.826932+00:00
2022-05-14T00:37:35.826932Z,70767860,0.53560000,599.99000000,buy,2022-05-14 00:37:35.826932+00:00
2022-05-14T00:37:35.826932Z,70767859,0.53560000,27.49000000,buy,2022-05-14 00:37:35.826932+00:00
2022-05-14T00:37:35.826932Z,70767858,0.53570000,1400.00000000,buy,2022-05-14 00:37:35.826932+00:00
2022-05-14T00:37:35.826932Z,70767857,0.53570000,400.00000000,buy,2022-05-14 00:37:35.826932+00:00
2022-05-14T00:37:35.826932Z,70767856,0.53570000,1200.00000000,buy,2022-05-14 00:37:35.826932+00:00
2022-05-14T00:37:35.826932Z,70767855,0.53570000,562.13000000,buy,2022-05-14 00:37:35.826932+00:00
2022-05-14T00:37:34.902674Z,70767854,0.53600000,47.01000000,sell,2022-05-14 00:37:34.902674+00:00
2022-05-14T00:37:34.624697Z,70767853,0.53600000,0.01000000,buy,2022-05-14 00:37:34.624697+00:00
2022-05-14T00:37:33.662701Z,70767852,0.53600000,2.80000000,buy,2022-05-14 00:37:33.662701+00:00
2022-05-14T00:37:31.15774Z,70767851,0.53610000,16.75000000,sell,2022-05-14 00:37:31.157740+00:00
2022-05-14T00:37:31.111531Z,70767850,0.53600000,8.35000000,sell,2022-05-14 00:37:31.111531+00:00
2022-05-14T00:37:31.111531Z,70767849,0.53600000,22.84000000,sell,2022-05-14 00:37:31.111531+00:00
2022-05-14T00:37:31.111531Z,70767848,0.53590000,0.05000000,sell,2022-05-14 00:37:31.111531+00:00
2022-05-14T00:37:31.071931Z,70767847,0.53590000,141.40000000,sell,2022-05-14 00:37:31.071931+00:00
2022-05-14T00:37:29.675244Z,70767846,0.53600000,61.34000000,sell,2022-05-14 00:37:29.675244+00:00
2022-05-14T00:37:29.318083Z,70767845,0.53590000,160.20000000,sell,2022-05-14 00:37:29.318083+00:00
2022-05-14T00:37:25.647106Z,70767844,0.53570000,7.47000000,sell,2022-05-14 00:37:25.647106+00:00
2022-05-14T00:37:25.237481Z,70767843,0.53570000,199.21000000,sell,2022-05-14 00:37:25.237481+00:00
2022-05-14T00:37:25.221837Z,70767842,0.53570000,1.35000000,sell,2022-05-14 00:37:25.221837+00:00
2022-05-14T00:37:24.192477Z,70767841,0.53570000,43.77000000,sell,2022-05-14 00:37:24.192477+00:00
2022-05-14T00:37:24.111972Z,70767840,0.53550000,531.60000000,sell,2022-05-14 00:37:24.111972+00:00
2022-05-14T00:37:24.017699Z,70767839,0.53530000,50.21000000,buy,2022-05-14 00:37:24.017699+00:00
2022-05-14T00:37:22.418617Z,70767838,0.53530000,3.58000000,buy,2022-05-14 00:37:22.418617+00:00
2022-05-14T00:37:21.725144Z,70767837,0.53570000,180.39000000,sell,2022-05-14 00:37:21.725144+00:00
2022-05-14T00:37:21.298288Z,70767836,0.53570000,1.82000000,sell,2022-05-14 00:37:21.298288+00:00
2022-05-14T00:37:20.579004Z,70767835,0.53540000,25.00000000,buy,2022-05-14 00:37:20.579004+00:00
2022-05-14T00:37:19.887876Z,70767834,0.53530000,490.20000000,sell,2022-05-14 00:37:19.887876+00:00
2022-05-14T00:37:19.570943Z,70767833,0.53530000,43.65000000,sell,2022-05-14 00:37:19.570943+00:00
2022-05-14T00:37:19.47646Z,70767832,0.53510000,122.72000000,buy,2022-05-14 00:37:19.476460+00:00
2022-05-14T00:37:14.913726Z,70767831,0.53540000,438.65000000,sell,2022-05-14 00:37:14.913726+00:00
2022-05-14T00:37:14.525913Z,70767830,0.53520000,233.50000000,sell,2022-05-14 00:37:14.525913+00:00
2022-05-14T00:37:14.485327Z,70767829,0.53530000,273.37000000,sell,2022-05-14 00:37:14.485327+00:00
2022-05-14T00:37:13.938553Z,70767828,0.53520000,9.31000000,sell,2022-05-14 00:37:13.938553+00:00
2022-05-14T00:37:13.677907Z,70767827,0.53510000,152.53000000,sell,2022-05-14 00:37:13.677907+00:00
2022-05-14T00:37:09.707878Z,70767826,0.53460000,2.42000000,sell,2022-05-14 00:37:09.707878+00:00
2022-05-14T00:37:09.038048Z,70767825,0.53450000,247.24000000,sell,2022-05-14 00:37:09.038048+00:00
2022-05-14T00:37:09.038048Z,70767824,0.53450000,267.50000000,sell,2022-05-14 00:37:09.038048+00:00
2022-05-14T00:37:09.038048Z,70767823,0.53450000,400.00000000,sell,2022-05-14 00:37:09.038048+00:00
2022-05-14T00:37:07.343466Z,70767822,0.53450000,2416.01000000,sell,2022-05-14 00:37:07.343466+00:00
2022-05-14T00:37:02.614831Z,70767821,0.53470000,3.63000000,sell,2022-05-14 00:37:02.614831+00:00
2022-05-14T00:37:02.097579Z,70767820,0.53460000,479.94000000,buy,2022-05-14 00:37:02.097579+00:00
2022-05-14T00:37:01.551435Z,70767819,0.53510000,89.14000000,sell,2022-05-14 00:37:01.551435+00:00
2022-05-14T00:37:00.170722Z,70767818,0.53510000,585.27000000,sell,2022-05-14 00:37:00.170722+00:00
2022-05-14T00:37:00.170722Z,70767817,0.53510000,700.78000000,sell,2022-05-14 00:37:00.170722+00:00
2022-05-14T00:37:00.170722Z,70767816,0.53500000,582.76000000,sell,2022-05-14 00:37:00.170722+00:00
2022-05-14T00:36:58.238316Z,70767815,0.53500000,129.23000000,sell,2022-05-14 00:36:58.238316+00:00
2022-05-14T00:36:58.166409Z,70767814,0.53470000,85.82000000,buy,2022-05-14 00:36:58.166409+00:00
2022-05-14T00:36:56.653946Z,70767813,0.53510000,92.51000000,sell,2022-05-14 00:36:56.653946+00:00
2022-05-14T00:36:56.215939Z,70767812,0.53500000,544.62000000,buy,2022-05-14 00:36:56.215939+00:00
2022-05-14T00:36:56.215939Z,70767811,0.53500000,568.72000000,buy,2022-05-14 00:36:56.215939+00:00
2022-05-14T00:36:55.577999Z,70767810,0.53510000,18.71000000,sell,2022-05-14 00:36:55.577999+00:00
2022-05-14T00:36:54.793939Z,70767809,0.53510000,111.44000000,buy,2022-05-14 00:36:54.793939+00:00
2022-05-14T00:36:52.62933Z,70767808,0.53550000,272.96000000,sell,2022-05-14 00:36:52.629330+00:00
2022-05-14T00:36:51.439561Z,70767807,0.53580000,1.39000000,sell,2022-05-14 00:36:51.439561+00:00
2022-05-14T00:36:48.861815Z,70767806,0.53590000,43.66000000,sell,2022-05-14 00:36:48.861815+00:00
2022-05-14T00:36:48.657505Z,70767805,0.53590000,16.74000000,sell,2022-05-14 00:36:48.657505+00:00
2022-05-14T00:36:43.715097Z,70767804,0.53580000,37.33000000,sell,2022-05-14 00:36:43.715097+00:00
2022-05-14T00:36:41.762191Z,70767803,0.53590000,86.50000000,sell,2022-05-14 00:36:41.762191+00:00
2022-05-14T00:36:41.762191Z,70767802,0.53580000,1400.00000000,sell,2022-05-14 00:36:41.762191+00:00
2022-05-14T00:36:37.578067Z,70767801,0.53550000,204.37000000,sell,2022-05-14 00:36:37.578067+00:00
2022-05-14T00:36:35.655337Z,70767800,0.53550000,2.08000000,sell,2022-05-14 00:36:35.655337+00:00
2022-05-14T00:36:34.389928Z,70767799,0.53520000,467.00000000,buy,2022-05-14 00:36:34.389928+00:00
2022-05-14T00:36:34.311359Z,70767798,0.53540000,16.78000000,sell,2022-05-14 00:36:34.311359+00:00
2022-05-14T00:36:33.379166Z,70767797,0.53550000,0.50000000,sell,2022-05-14 00:36:33.379166+00:00
2022-05-14T00:36:33.367875Z,70767796,0.53530000,578.20000000,buy,2022-05-14 00:36:33.367875+00:00
2022-05-14T00:36:31.042237Z,70767795,0.53570000,1.21000000,sell,2022-05-14 00:36:31.042237+00:00
2022-05-14T00:36:31.012088Z,70767794,0.53550000,556.90000000,buy,2022-05-14 00:36:31.012088+00:00
2022-05-14T00:36:29.588409Z,70767793,0.53530000,183.86000000,buy,2022-05-14 00:36:29.588409+00:00
2022-05-14T00:36:29.505572Z,70767792,0.53550000,442.59000000,sell,2022-05-14 00:36:29.505572+00:00
2022-05-14T00:36:29.505572Z,70767791,0.53550000,1332.84000000,sell,2022-05-14 00:36:29.505572+00:00
2022-05-14T00:36:29.505572Z,70767790,0.53540000,11.06000000,sell,2022-05-14 00:36:29.505572+00:00
2022-05-14T00:36:28.473869Z,70767789,0.53550000,18.70000000,sell,2022-05-14 00:36:28.473869+00:00
2022-05-14T00:36:27.488111Z,70767788,0.53550000,48.46000000,sell,2022-05-14 00:36:27.488111+00:00
2022-05-14T00:36:26.118438Z,70767787,0.53560000,45.36000000,sell,2022-05-14 00:36:26.118438+00:00
2022-05-14T00:36:25.495668Z,70767786,0.53520000,690.06000000,buy,2022-05-14 00:36:25.495668+00:00
2022-05-14T00:36:25.495668Z,70767785,0.53530000,400.00000000,buy,2022-05-14 00:36:25.495668+00:00
2022-05-14T00:36:25.495668Z,70767784,0.53530000,466.90000000,buy,2022-05-14 00:36:25.495668+00:00
2022-05-14T00:36:25.189861Z,70767783,0.53530000,7.81000000,buy,2022-05-14 00:36:25.189861+00:00
2022-05-14T00:36:24.361173Z,70767782,0.53570000,50.04000000,sell,2022-05-14 00:36:24.361173+00:00
2022-05-14T00:36:24.361173Z,70767781,0.53560000,513.75000000,sell,2022-05-14 00:36:24.361173+00:00
2022-05-14T00:36:24.361173Z,70767780,0.53550000,0.06000000,sell,2022-05-14 00:36:24.361173+00:00
2022-05-14T00:36:23.697523Z,70767779,0.53550000,519.70000000,sell,2022-05-14 00:36:23.697523+00:00
2022-05-14T00:36:23.423069Z,70767778,0.53510000,1018.61000000,buy,2022-05-14 00:36:23.423069+00:00
2022-05-14T00:36:23.423069Z,70767777,0.53520000,400.00000000,buy,2022-05-14 00:36:23.423069+00:00
2022-05-14T00:36:23.423069Z,70767776,0.53520000,463.36000000,buy,2022-05-14 00:36:23.423069+00:00
2022-05-14T00:36:23.423069Z,70767775,0.53520000,565.78000000,buy,2022-05-14 00:36:23.423069+00:00
2022-05-14T00:36:22.57624Z,70767774,0.53540000,116.73000000,sell,2022-05-14 00:36:22.576240+00:00
2022-05-14T00:36:22.57624Z,70767773,0.53540000,1400.00000000,sell,2022-05-14 00:36:22.576240+00:00
2022-05-14T00:36:22.57624Z,70767772,0.53530000,318.66000000,sell,2022-05-14 00:36:22.576240+00:00
2022-05-14T00:36:20.484532Z,70767771,0.53560000,45.82000000,sell,2022-05-14 00:36:20.484532+00:00
2022-05-14T00:36:19.223473Z,70767770,0.53560000,1.63000000,sell,2022-05-14 00:36:19.223473+00:00
2022-05-14T00:36:17.654981Z,70767769,0.53530000,260.86000000,buy,2022-05-14 00:36:17.654981+00:00
2022-05-14T00:36:17.654981Z,70767768,0.53530000,309.96000000,buy,2022-05-14 00:36:17.654981+00:00
2022-05-14T00:36:17.654981Z,70767767,0.53540000,812.00000000,buy,2022-05-14 00:36:17.654981+00:00
2022-05-14T00:36:17.622358Z,70767766,0.53530000,265.06000000,buy,2022-05-14 00:36:17.622358+00:00
2022-05-14T00:36:17.608903Z,70767765,0.53540000,812.00000000,buy,2022-05-14 00:36:17.608903+00:00
2022-05-14T00:36:17.608903Z,70767764,0.53540000,492.17000000,buy,2022-05-14 00:36:17.608903+00:00
2022-05-14T00:36:17.608903Z,70767763,0.53540000,1862.64000000,buy,2022-05-14 00:36:17.608903+00:00
2022-05-14T00:36:17.608903Z,70767762,0.53540000,500.00000000,buy,2022-05-14 00:36:17.608903+00:00
2022-05-14T00:36:17.462356Z,70767761,0.53570000,77.09000000,sell,2022-05-14 00:36:17.462356+00:00
2022-05-14T00:36:17.180255Z,70767760,0.53580000,802.50000000,buy,2022-05-14 00:36:17.180255+00:00
2022-05-14T00:36:17.180255Z,70767759,0.53580000,374.50000000,buy,2022-05-14 00:36:17.180255+00:00
2022-05-14T00:36:17.093515Z,70767758,0.53590000,3.88000000,buy,2022-05-14 00:36:17.093515+00:00
2022-05-14T00:36:17.093515Z,70767757,0.53590000,802.50000000,buy,2022-05-14 00:36:17.093515+00:00
2022-05-14T00:36:16.099576Z,70767756,0.53600000,1.78000000,sell,2022-05-14 00:36:16.099576+00:00
2022-05-14T00:36:15.667374Z,70767755,0.53600000,7.47000000,sell,2022-05-14 00:36:15.667374+00:00
2022-05-14T00:36:14.810832Z,70767754,0.53590000,15.70000000,sell,2022-05-14 00:36:14.810832+00:00
2022-05-14T00:36:14.810832Z,70767753,0.53580000,55.02000000,sell,2022-05-14 00:36:14.810832+00:00
2022-05-14T00:36:11.585653Z,70767752,0.53540000,864.50000000,sell,2022-05-14 00:36:11.585653+00:00
2022-05-14T00:36:11.497577Z,70767751,0.53540000,400.00000000,sell,2022-05-14 00:36:11.497577+00:00
2022-05-14T00:36:11.493499Z,70767750,0.53510000,0.04000000,sell,2022-05-14 00:36:11.493499+00:00
2022-05-14T00:36:11.076404Z,70767749,0.53510000,93.40000000,sell,2022-05-14 00:36:11.076404+00:00
2022-05-14T00:36:09.696385Z,70767748,0.53490000,503.66000000,sell,2022-05-14 00:36:09.696385+00:00
2022-05-14T00:36:09.696385Z,70767747,0.53490000,571.45000000,sell,2022-05-14 00:36:09.696385+00:00
2022-05-14T00:36:09.600488Z,70767746,0.53470000,0.06000000,sell,2022-05-14 00:36:09.600488+00:00
2022-05-14T00:36:09.538801Z,70767745,0.53470000,1927.60000000,sell,2022-05-14 00:36:09.538801+00:00
2022-05-14T00:36:09.324823Z,70767744,0.53470000,366.89000000,sell,2022-05-14 00:36:09.324823+00:00
2022-05-14T00:36:09.036503Z,70767743,0.53470000,248.16000000,sell,2022-05-14 00:36:09.036503+00:00
2022-05-14T00:36:09.032707Z,70767742,0.53470000,273.62000000,sell,2022-05-14 00:36:09.032707+00:00
2022-05-14T00:36:07.733259Z,70767741,0.53440000,166.45000000,sell,2022-05-14 00:36:07.733259+00:00
2022-05-14T00:36:07.722704Z,70767740,0.53440000,400.00000000,sell,2022-05-14 00:36:07.722704+00:00
2022-05-14T00:36:07.578386Z,70767739,0.53440000,285.07000000,sell,2022-05-14 00:36:07.578386+00:00
2022-05-14T00:36:01.321253Z,70767738,0.53420000,11.30000000,sell,2022-05-14 00:36:01.321253+00:00
2022-05-14T00:35:58.252753Z,70767737,0.53390000,21.62000000,buy,2022-05-14 00:35:58.252753+00:00
2022-05-14T00:35:57.979929Z,70767736,0.53420000,4.16000000,sell,2022-05-14 00:35:57.979929+00:00
2022-05-14T00:35:55.632005Z,70767735,0.53400000,100.62000000,sell,2022-05-14 00:35:55.632005+00:00
2022-05-14T00:35:55.166486Z,70767734,0.53410000,1.24000000,sell,2022-05-14 00:35:55.166486+00:00
2022-05-14T00:35:54.464068Z,70767733,0.53390000,32.60000000,sell,2022-05-14 00:35:54.464068+00:00
2022-05-14T00:35:52.863477Z,70767732,0.53370000,61.89000000,buy,2022-05-14 00:35:52.863477+00:00
2022-05-14T00:35:52.863477Z,70767731,0.53380000,534.59000000,buy,2022-05-14 00:35:52.863477+00:00
2022-05-14T00:35:51.042172Z,70767730,0.53400000,43.76000000,sell,2022-05-14 00:35:51.042172+00:00
2022-05-14T00:35:48.719457Z,70767729,0.53390000,28.37000000,buy,2022-05-14 00:35:48.719457+00:00
2022-05-14T00:35:48.632029Z,70767728,0.53410000,1.33000000,sell,2022-05-14 00:35:48.632029+00:00
2022-05-14T00:35:48.340842Z,70767727,0.53410000,1.78000000,sell,2022-05-14 00:35:48.340842+00:00
2022-05-14T00:35:44.373109Z,70767726,0.53390000,202.90000000,sell,2022-05-14 00:35:44.373109+00:00
2022-05-14T00:35:43.537755Z,70767725,0.53390000,16.80000000,sell,2022-05-14 00:35:43.537755+00:00
2022-05-14T00:35:43.011317Z,70767724,0.53380000,18.69000000,buy,2022-05-14 00:35:43.011317+00:00
2022-05-14T00:35:41.209752Z,70767723,0.53400000,733.57000000,sell,2022-05-14 00:35:41.209752+00:00
2022-05-14T00:35:37.297085Z,70767722,0.53430000,0.01000000,buy,2022-05-14 00:35:37.297085+00:00
2022-05-14T00:35:37.28344Z,70767721,0.53430000,16.00000000,buy,2022-05-14 00:35:37.283440+00:00
2022-05-14T00:35:37.275209Z,70767720,0.53430000,500.00000000,buy,2022-05-14 00:35:37.275209+00:00
2022-05-14T00:35:36.779926Z,70767719,0.53420000,2434.97000000,buy,2022-05-14 00:35:36.779926+00:00
2022-05-14T00:35:36.779926Z,70767718,0.53420000,467.73000000,buy,2022-05-14 00:35:36.779926+00:00
2022-05-14T00:35:36.779926Z,70767717,0.53420000,4678.48000000,buy,2022-05-14 00:35:36.779926+00:00
2022-05-14T00:35:36.779926Z,70767716,0.53420000,812.00000000,buy,2022-05-14 00:35:36.779926+00:00
2022-05-14T00:35:36.779926Z,70767715,0.53430000,607.59000000,buy,2022-05-14 00:35:36.779926+00:00
2022-05-14T00:35:36.779926Z,70767714,0.53430000,500.00000000,buy,2022-05-14 00:35:36.779926+00:00
2022-05-14T00:35:36.779926Z,70767713,0.53430000,812.00000000,buy,2022-05-14 00:35:36.779926+00:00
2022-05-14T00:35:36.779926Z,70767712,0.53430000,1400.00000000,buy,2022-05-14 00:35:36.779926+00:00
2022-05-14T00:35:36.779926Z,70767711,0.53440000,428.14000000,buy,2022-05-14 00:35:36.779926+00:00
2022-05-14T00:35:36.779926Z,70767710,0.53440000,812.00000000,buy,2022-05-14 00:35:36.779926+00:00
2022-05-14T00:35:36.779926Z,70767709,0.53440000,526.13000000,buy,2022-05-14 00:35:36.779926+00:00
2022-05-14T00:35:36.779926Z,70767708,0.53440000,400.00000000,buy,2022-05-14 00:35:36.779926+00:00
2022-05-14T00:35:36.779926Z,70767707,0.53440000,1400.00000000,buy,2022-05-14 00:35:36.779926+00:00
2022-05-14T00:35:34.126786Z,70767706,0.53460000,637.16000000,sell,2022-05-14 00:35:34.126786+00:00
2022-05-14T00:35:33.605513Z,70767705,0.53440000,0.03000000,sell,2022-05-14 00:35:33.605513+00:00
2022-05-14T00:35:33.17652Z,70767704,0.53440000,144.70000000,sell,2022-05-14 00:35:33.176520+00:00
2022-05-14T00:35:32.709053Z,70767703,0.53440000,49.29000000,sell,2022-05-14 00:35:32.709053+00:00
2022-05-14T00:35:32.653295Z,70767702,0.53430000,103.77000000,sell,2022-05-14 00:35:32.653295+00:00
2022-05-14T00:35:28.890191Z,70767701,0.53410000,802.50000000,buy,2022-05-14 00:35:28.890191+00:00
2022-05-14T00:35:27.650874Z,70767700,0.53430000,34.54000000,sell,2022-05-14 00:35:27.650874+00:00
2022-05-14T00:35:27.542087Z,70767699,0.53430000,39.66000000,sell,2022-05-14 00:35:27.542087+00:00
2022-05-14T00:35:23.629473Z,70767698,0.53360000,1.80000000,sell,2022-05-14 00:35:23.629473+00:00
2022-05-14T00:35:20.148441Z,70767697,0.53350000,3612.83000000,sell,2022-05-14 00:35:20.148441+00:00
2022-05-14T00:35:20.148441Z,70767696,0.53340000,1400.00000000,sell,2022-05-14 00:35:20.148441+00:00
2022-05-14T00:35:20.148441Z,70767695,0.53340000,812.00000000,sell,2022-05-14 00:35:20.148441+00:00
2022-05-14T00:35:16.370797Z,70767694,0.53300000,25.23000000,sell,2022-05-14 00:35:16.370797+00:00
2022-05-14T00:35:15.971795Z,70767693,0.53320000,809.72000000,buy,2022-05-14 00:35:15.971795+00:00
2022-05-14T00:35:15.968243Z,70767692,0.53320000,1193.87000000,buy,2022-05-14 00:35:15.968243+00:00
2022-05-14T00:35:15.897458Z,70767691,0.53320000,373.26000000,sell,2022-05-14 00:35:15.897458+00:00
2022-05-14T00:35:15.897458Z,70767690,0.53320000,376.98000000,sell,2022-05-14 00:35:15.897458+00:00
2022-05-14T00:35:15.82145Z,70767689,0.53300000,481.50000000,sell,2022-05-14 00:35:15.821450+00:00
2022-05-14T00:35:11.78858Z,70767688,0.53300000,2085.00000000,buy,2022-05-14 00:35:11.788580+00:00
2022-05-14T00:35:10.892961Z,70767687,0.53310000,16.84000000,sell,2022-05-14 00:35:10.892961+00:00
2022-05-14T00:35:09.978693Z,70767686,0.53280000,127.01000000,buy,2022-05-14 00:35:09.978693+00:00
2022-05-14T00:35:09.306463Z,70767685,0.53310000,1.86000000,sell,2022-05-14 00:35:09.306463+00:00
2022-05-14T00:35:07.174732Z,70767684,0.53290000,308.67000000,buy,2022-05-14 00:35:07.174732+00:00
2022-05-14T00:35:07.174732Z,70767683,0.53290000,304.87000000,buy,2022-05-14 00:35:07.174732+00:00
2022-05-14T00:35:07.174732Z,70767682,0.53290000,812.00000000,buy,2022-05-14 00:35:07.174732+00:00
2022-05-14T00:35:07.174732Z,70767681,0.53290000,580.82000000,buy,2022-05-14 00:35:07.174732+00:00
2022-05-14T00:35:07.136808Z,70767680,0.53300000,311.09000000,buy,2022-05-14 00:35:07.136808+00:00
2022-05-14T00:35:07.136499Z,70767679,0.53310000,0.02000000,buy,2022-05-14 00:35:07.136499+00:00
2022-05-14T00:35:07.133585Z,70767678,0.53310000,493.34000000,buy,2022-05-14 00:35:07.133585+00:00
2022-05-14T00:35:07.133585Z,70767677,0.53310000,314.97000000,buy,2022-05-14 00:35:07.133585+00:00
2022-05-14T00:35:07.133585Z,70767676,0.53310000,2033.09000000,buy,2022-05-14 00:35:07.133585+00:00
2022-05-14T00:35:07.104019Z,70767675,0.53320000,3081.74000000,buy,2022-05-14 00:35:07.104019+00:00
2022-05-14T00:35:07.096289Z,70767674,0.53320000,966.35000000,buy,2022-05-14 00:35:07.096289+00:00
2022-05-14T00:35:07.096289Z,70767673,0.53320000,552.31000000,buy,2022-05-14 00:35:07.096289+00:00
2022-05-14T00:35:07.096289Z,70767672,0.53320000,317.44000000,buy,2022-05-14 00:35:07.096289+00:00
2022-05-14T00:35:07.096289Z,70767671,0.53320000,812.00000000,buy,2022-05-14 00:35:07.096289+00:00
2022-05-14T00:35:07.096289Z,70767670,0.53320000,1400.00000000,buy,2022-05-14 00:35:07.096289+00:00
2022-05-14T00:35:06.845217Z,70767669,0.53330000,1004.21000000,buy,2022-05-14 00:35:06.845217+00:00
2022-05-14T00:35:06.845217Z,70767668,0.53330000,321.40000000,buy,2022-05-14 00:35:06.845217+00:00
2022-05-14T00:35:06.845217Z,70767667,0.53330000,96.54000000,buy,2022-05-14 00:35:06.845217+00:00
2022-05-14T00:35:06.840606Z,70767666,0.53370000,1243.96000000,sell,2022-05-14 00:35:06.840606+00:00
2022-05-14T00:35:06.840606Z,70767665,0.53370000,7.88000000,sell,2022-05-14 00:35:06.840606+00:00
2022-05-14T00:35:06.840606Z,70767664,0.53340000,1415.43000000,sell,2022-05-14 00:35:06.840606+00:00
2022-05-14T00:35:06.828889Z,70767663,0.53340000,669.57000000,sell,2022-05-14 00:35:06.828889+00:00
2022-05-14T00:35:06.816538Z,70767662,0.53330000,715.46000000,buy,2022-05-14 00:35:06.816538+00:00
2022-05-14T00:35:06.463429Z,70767661,0.53330000,361.59000000,sell,2022-05-14 00:35:06.463429+00:00
2022-05-14T00:35:06.463429Z,70767660,0.53330000,11.36000000,sell,2022-05-14 00:35:06.463429+00:00
2022-05-14T00:35:06.426966Z,70767659,0.53320000,365.62000000,sell,2022-05-14 00:35:06.426966+00:00
2022-05-14T00:35:06.357623Z,70767658,0.53310000,333.65000000,sell,2022-05-14 00:35:06.357623+00:00
2022-05-14T00:35:06.357623Z,70767657,0.53310000,368.97000000,sell,2022-05-14 00:35:06.357623+00:00
2022-05-14T00:35:06.357623Z,70767656,0.53310000,583.12000000,sell,2022-05-14 00:35:06.357623+00:00
2022-05-14T00:35:06.357623Z,70767655,0.53310000,373.09000000,sell,2022-05-14 00:35:06.357623+00:00
2022-05-14T00:35:06.357623Z,70767654,0.53310000,589.77000000,sell,2022-05-14 00:35:06.357623+00:00
2022-05-14T00:35:06.352235Z,70767653,0.53310000,889.42000000,sell,2022-05-14 00:35:06.352235+00:00
2022-05-14T00:35:06.352235Z,70767652,0.53300000,1400.00000000,sell,2022-05-14 00:35:06.352235+00:00
2022-05-14T00:35:06.352235Z,70767651,0.53300000,195.28000000,sell,2022-05-14 00:35:06.352235+00:00
2022-05-14T00:35:06.08435Z,70767650,0.53300000,2555.79000000,sell,2022-05-14 00:35:06.084350+00:00
2022-05-14T00:35:06.08435Z,70767649,0.53290000,812.00000000,sell,2022-05-14 00:35:06.084350+00:00
2022-05-14T00:35:06.08435Z,70767648,0.53290000,2033.09000000,sell,2022-05-14 00:35:06.084350+00:00
2022-05-14T00:35:06.08435Z,70767647,0.53280000,599.12000000,sell,2022-05-14 00:35:06.084350+00:00
2022-05-14T00:35:05.616269Z,70767646,0.53250000,187.41000000,sell,2022-05-14 00:35:05.616269+00:00
2022-05-14T00:35:03.742685Z,70767645,0.53240000,1.88000000,buy,2022-05-14 00:35:03.742685+00:00
2022-05-14T00:34:59.847208Z,70767644,0.53210000,320.56000000,buy,2022-05-14 00:34:59.847208+00:00
2022-05-14T00:34:59.847208Z,70767643,0.53220000,469.57000000,buy,2022-05-14 00:34:59.847208+00:00
2022-05-14T00:34:59.847208Z,70767642,0.53220000,497.87000000,buy,2022-05-14 00:34:59.847208+00:00
2022-05-14T00:34:59.847208Z,70767641,0.53220000,812.00000000,buy,2022-05-14 00:34:59.847208+00:00
2022-05-14T00:34:59.847208Z,70767640,0.53220000,500.00000000,buy,2022-05-14 00:34:59.847208+00:00
2022-05-14T00:34:59.847208Z,70767639,0.53230000,1400.00000000,buy,2022-05-14 00:34:59.847208+00:00
2022-05-14T00:34:58.058616Z,70767638,0.53180000,88.52000000,buy,2022-05-14 00:34:58.058616+00:00
2022-05-14T00:34:58.058616Z,70767637,0.53180000,6.50000000,buy,2022-05-14 00:34:58.058616+00:00
2022-05-14T00:34:56.72277Z,70767636,0.53190000,300.00000000,buy,2022-05-14 00:34:56.722770+00:00
2022-05-14T00:34:55.167995Z,70767635,0.53230000,1439.09000000,sell,2022-05-14 00:34:55.167995+00:00
2022-05-14T00:34:55.167995Z,70767634,0.53230000,400.00000000,sell,2022-05-14 00:34:55.167995+00:00
2022-05-14T00:34:54.873991Z,70767633,0.53220000,518.45000000,buy,2022-05-14 00:34:54.873991+00:00
2022-05-14T00:34:54.769424Z,70767632,0.53230000,0.02000000,buy,2022-05-14 00:34:54.769424+00:00
2022-05-14T00:34:54.56614Z,70767631,0.53230000,1.50000000,buy,2022-05-14 00:34:54.566140+00:00
2022-05-14T00:34:52.899233Z,70767630,0.53260000,181.07000000,sell,2022-05-14 00:34:52.899233+00:00
2022-05-14T00:34:51.11291Z,70767629,0.53260000,28.12000000,sell,2022-05-14 00:34:51.112910+00:00
2022-05-14T00:34:50.23602Z,70767628,0.53240000,1.86000000,buy,2022-05-14 00:34:50.236020+00:00
2022-05-14T00:34:48.517769Z,70767627,0.53260000,804.52000000,sell,2022-05-14 00:34:48.517769+00:00
2022-05-14T00:34:48.155714Z,70767626,0.53260000,7.48000000,sell,2022-05-14 00:34:48.155714+00:00
2022-05-14T00:34:48.006689Z,70767625,0.53250000,544.92000000,buy,2022-05-14 00:34:48.006689+00:00
2022-05-14T00:34:47.991766Z,70767624,0.53260000,45.17000000,buy,2022-05-14 00:34:47.991766+00:00
2022-05-14T00:34:47.557991Z,70767623,0.53260000,0.52000000,buy,2022-05-14 00:34:47.557991+00:00
2022-05-14T00:34:47.133828Z,70767622,0.53290000,591.57000000,sell,2022-05-14 00:34:47.133828+00:00
2022-05-14T00:34:47.133828Z,70767621,0.53290000,812.00000000,sell,2022-05-14 00:34:47.133828+00:00
2022-05-14T00:34:47.133828Z,70767620,0.53290000,1400.00000000,sell,2022-05-14 00:34:47.133828+00:00
2022-05-14T00:34:45.432384Z,70767619,0.53300000,50.61000000,sell,2022-05-14 00:34:45.432384+00:00
2022-05-14T00:34:43.186204Z,70767618,0.53300000,3.67000000,sell,2022-05-14 00:34:43.186204+00:00
2022-05-14T00:34:41.435741Z,70767617,0.53290000,469.00000000,buy,2022-05-14 00:34:41.435741+00:00
2022-05-14T00:34:40.406739Z,70767616,0.53300000,481.50000000,sell,2022-05-14 00:34:40.406739+00:00
2022-05-14T00:34:39.908973Z,70767615,0.53270000,941.47000000,buy,2022-05-14 00:34:39.908973+00:00
2022-05-14T00:34:39.908973Z,70767614,0.53270000,1830.00000000,buy,2022-05-14 00:34:39.908973+00:00
2022-05-14T00:34:39.908973Z,70767613,0.53270000,1100.96000000,buy,2022-05-14 00:34:39.908973+00:00
2022-05-14T00:34:37.001744Z,70767612,0.53300000,7.96000000,sell,2022-05-14 00:34:37.001744+00:00
2022-05-14T00:34:36.881727Z,70767611,0.53270000,35.77000000,buy,2022-05-14 00:34:36.881727+00:00
2022-05-14T00:34:36.671331Z,70767610,0.53270000,263.27000000,buy,2022-05-14 00:34:36.671331+00:00
2022-05-14T00:34:36.671331Z,70767609,0.53270000,429.31000000,buy,2022-05-14 00:34:36.671331+00:00
2022-05-14T00:34:36.671331Z,70767608,0.53270000,320.63000000,buy,2022-05-14 00:34:36.671331+00:00
2022-05-14T00:34:36.502593Z,70767607,0.53270000,261.70000000,buy,2022-05-14 00:34:36.502593+00:00
2022-05-14T00:34:36.502593Z,70767606,0.53270000,75.80000000,buy,2022-05-14 00:34:36.502593+00:00
2022-05-14T00:34:35.328468Z,70767605,0.53310000,43.82000000,sell,2022-05-14 00:34:35.328468+00:00
2022-05-14T00:34:35.239873Z,70767604,0.53310000,559.38000000,sell,2022-05-14 00:34:35.239873+00:00
2022-05-14T00:34:33.623848Z,70767603,0.53290000,343.01000000,buy,2022-05-14 00:34:33.623848+00:00
2022-05-14T00:34:33.623848Z,70767602,0.53290000,512.52000000,buy,2022-05-14 00:34:33.623848+00:00
2022-05-14T00:34:33.121932Z,70767601,0.53290000,6.02000000,buy,2022-05-14 00:34:33.121932+00:00
2022-05-14T00:34:28.868763Z,70767600,0.53340000,617.57000000,sell,2022-05-14 00:34:28.868763+00:00
2022-05-14T00:34:28.868763Z,70767599,0.53330000,1219.10000000,sell,2022-05-14 00:34:28.868763+00:00
2022-05-14T00:34:28.355237Z,70767598,0.53330000,180.90000000,sell,2022-05-14 00:34:28.355237+00:00
2022-05-14T00:34:28.018045Z,70767597,0.53320000,500.00000000,buy,2022-05-14 00:34:28.018045+00:00
2022-05-14T00:34:28.009726Z,70767596,0.53320000,43.40000000,buy,2022-05-14 00:34:28.009726+00:00
2022-05-14T00:34:26.766578Z,70767595,0.53350000,504.99000000,sell,2022-05-14 00:34:26.766578+00:00
2022-05-14T00:34:25.549735Z,70767594,0.53330000,24.02000000,buy,2022-05-14 00:34:25.549735+00:00
2022-05-14T00:34:23.694438Z,70767593,0.53350000,0.04000000,buy,2022-05-14 00:34:23.694438+00:00
2022-05-14T00:34:23.694378Z,70767592,0.53350000,63.10000000,buy,2022-05-14 00:34:23.694378+00:00
2022-05-14T00:34:23.105252Z,70767591,0.53330000,481.50000000,sell,2022-05-14 00:34:23.105252+00:00
2022-05-14T00:34:22.010744Z,70767590,0.53320000,500.00000000,buy,2022-05-14 00:34:22.010744+00:00
2022-05-14T00:34:21.845202Z,70767589,0.53330000,835.65000000,buy,2022-05-14 00:34:21.845202+00:00
2022-05-14T00:34:21.816206Z,70767588,0.53330000,3848.81000000,buy,2022-05-14 00:34:21.816206+00:00
2022-05-14T00:34:21.816206Z,70767587,0.53330000,812.00000000,buy,2022-05-14 00:34:21.816206+00:00
2022-05-14T00:34:21.717407Z,70767586,0.53370000,37.48000000,sell,2022-05-14 00:34:21.717407+00:00
2022-05-14T00:34:20.686309Z,70767585,0.53370000,89.56000000,sell,2022-05-14 00:34:20.686309+00:00
2022-05-14T00:34:17.105061Z,70767584,0.53380000,16.79000000,sell,2022-05-14 00:34:17.105061+00:00
2022-05-14T00:34:14.94974Z,70767583,0.53330000,23.61000000,sell,2022-05-14 00:34:14.949740+00:00
2022-05-14T00:34:14.94974Z,70767582,0.53330000,20.21000000,sell,2022-05-14 00:34:14.949740+00:00
2022-05-14T00:34:13.66517Z,70767581,0.53330000,186.39000000,sell,2022-05-14 00:34:13.665170+00:00
2022-05-14T00:34:13.581381Z,70767580,0.53330000,200.00000000,sell,2022-05-14 00:34:13.581381+00:00
2022-05-14T00:34:13.44865Z,70767579,0.53330000,126.26000000,sell,2022-05-14 00:34:13.448650+00:00
2022-05-14T00:34:13.351836Z,70767578,0.53300000,1.80000000,buy,2022-05-14 00:34:13.351836+00:00
2022-05-14T00:34:12.963728Z,70767577,0.53310000,556.40000000,sell,2022-05-14 00:34:12.963728+00:00
2022-05-14T00:34:12.876377Z,70767576,0.53290000,481.50000000,sell,2022-05-14 00:34:12.876377+00:00
2022-05-14T00:34:11.803888Z,70767575,0.53310000,7.47000000,sell,2022-05-14 00:34:11.803888+00:00
2022-05-14T00:34:11.783649Z,70767574,0.53300000,0.06000000,buy,2022-05-14 00:34:11.783649+00:00
2022-05-14T00:34:11.770633Z,70767573,0.53310000,436.67000000,sell,2022-05-14 00:34:11.770633+00:00
2022-05-14T00:34:11.770633Z,70767572,0.53310000,481.50000000,sell,2022-05-14 00:34:11.770633+00:00
2022-05-14T00:34:11.113614Z,70767571,0.53300000,1.47000000,buy,2022-05-14 00:34:11.113614+00:00
2022-05-14T00:34:11.113614Z,70767570,0.53300000,93.43000000,buy,2022-05-14 00:34:11.113614+00:00
2022-05-14T00:34:11.113614Z,70767569,0.53300000,75.10000000,buy,2022-05-14 00:34:11.113614+00:00
2022-05-14T00:34:08.904824Z,70767568,0.53300000,18.70000000,buy,2022-05-14 00:34:08.904824+00:00
2022-05-14T00:34:08.904824Z,70767567,0.53310000,0.03000000,buy,2022-05-14 00:34:08.904824+00:00
2022-05-14T00:34:08.24192Z,70767566,0.53330000,39.17000000,sell,2022-05-14 00:34:08.241920+00:00
2022-05-14T00:34:08.229712Z,70767565,0.53310000,58.20000000,buy,2022-05-14 00:34:08.229712+00:00
2022-05-14T00:34:08.008348Z,70767564,0.53330000,46.86000000,buy,2022-05-14 00:34:08.008348+00:00
2022-05-14T00:34:02.441937Z,70767563,0.53380000,1.84000000,sell,2022-05-14 00:34:02.441937+00:00
2022-05-14T00:34:02.190941Z,70767562,0.53380000,1.83000000,sell,2022-05-14 00:34:02.190941+00:00
2022-05-14T00:34:01.083015Z,70767561,0.53370000,811.96000000,buy,2022-05-14 00:34:01.083015+00:00
2022-05-14T00:34:01.083015Z,70767560,0.53370000,1862.54000000,buy,2022-05-14 00:34:01.083015+00:00
2022-05-14T00:34:01.083015Z,70767559,0.53370000,481.50000000,buy,2022-05-14 00:34:01.083015+00:00
2022-05-14T00:34:01.04583Z,70767558,0.53380000,578.97000000,buy,2022-05-14 00:34:01.045830+00:00
2022-05-14T00:34:01.04583Z,70767557,0.53380000,523.41000000,buy,2022-05-14 00:34:01.045830+00:00
2022-05-14T00:34:01.04583Z,70767556,0.53380000,520.65000000,buy,2022-05-14 00:34:01.045830+00:00
2022-05-14T00:34:01.04583Z,70767555,0.53380000,1400.00000000,buy,2022-05-14 00:34:01.045830+00:00
2022-05-14T00:34:01.041428Z,70767554,0.53390000,1400.00000000,buy,2022-05-14 00:34:01.041428+00:00
2022-05-14T00:34:01.041428Z,70767553,0.53390000,802.50000000,buy,2022-05-14 00:34:01.041428+00:00
2022-05-14T00:33:59.924362Z,70767552,0.53400000,85.83000000,sell,2022-05-14 00:33:59.924362+00:00
2022-05-14T00:33:59.924362Z,70767551,0.53390000,1862.54000000,sell,2022-05-14 00:33:59.924362+00:00
2022-05-14T00:33:59.523734Z,70767550,0.53390000,66.00000000,sell,2022-05-14 00:33:59.523734+00:00
2022-05-14T00:33:56.623442Z,70767549,0.53380000,52.19000000,sell,2022-05-14 00:33:56.623442+00:00
2022-05-14T00:33:55.984142Z,70767548,0.53360000,1862.54000000,buy,2022-05-14 00:33:55.984142+00:00
2022-05-14T00:33:55.611077Z,70767547,0.53390000,89.48000000,sell,2022-05-14 00:33:55.611077+00:00
2022-05-14T00:33:54.371675Z,70767546,0.53400000,13.95000000,sell,2022-05-14 00:33:54.371675+00:00
2022-05-14T00:33:53.129621Z,70767545,0.53370000,190.00000000,buy,2022-05-14 00:33:53.129621+00:00
2022-05-14T00:33:52.264068Z,70767544,0.53410000,2500.99000000,sell,2022-05-14 00:33:52.264068+00:00
2022-05-14T00:33:52.264068Z,70767543,0.53410000,1862.54000000,sell,2022-05-14 00:33:52.264068+00:00
2022-05-14T00:33:52.264068Z,70767542,0.53410000,812.00000000,sell,2022-05-14 00:33:52.264068+00:00
2022-05-14T00:33:52.264068Z,70767541,0.53410000,1400.00000000,sell,2022-05-14 00:33:52.264068+00:00
2022-05-14T00:33:52.264068Z,70767540,0.53410000,549.00000000,sell,2022-05-14 00:33:52.264068+00:00
2022-05-14T00:33:52.264068Z,70767539,0.53400000,400.00000000,sell,2022-05-14 00:33:52.264068+00:00
2022-05-14T00:33:52.264068Z,70767538,0.53400000,468.28000000,sell,2022-05-14 00:33:52.264068+00:00
2022-05-14T00:33:52.264068Z,70767537,0.53400000,1229.32000000,sell,2022-05-14 00:33:52.264068+00:00
2022-05-14T00:33:50.438983Z,70767536,0.53400000,3.82000000,sell,2022-05-14 00:33:50.438983+00:00
2022-05-14T00:33:48.713598Z,70767535,0.53370000,93.56000000,buy,2022-05-14 00:33:48.713598+00:00
2022-05-14T00:33:48.536652Z,70767534,0.53400000,100.00000000,sell,2022-05-14 00:33:48.536652+00:00
2022-05-14T00:33:47.38959Z,70767533,0.53400000,66.86000000,sell,2022-05-14 00:33:47.389590+00:00
2022-05-14T00:33:47.38959Z,70767532,0.53390000,116.25000000,sell,2022-05-14 00:33:47.389590+00:00
2022-05-14T00:33:46.916032Z,70767531,0.53390000,91.32000000,sell,2022-05-14 00:33:46.916032+00:00
2022-05-14T00:33:43.22547Z,70767530,0.53410000,23.59000000,sell,2022-05-14 00:33:43.225470+00:00
2022-05-14T00:33:42.815354Z,70767529,0.53420000,201.00000000,sell,2022-05-14 00:33:42.815354+00:00
2022-05-14T00:33:38.465264Z,70767528,0.53380000,7.47000000,sell,2022-05-14 00:33:38.465264+00:00
2022-05-14T00:33:36.955005Z,70767527,0.53390000,4572.83000000,sell,2022-05-14 00:33:36.955005+00:00
2022-05-14T00:33:36.955005Z,70767526,0.53380000,812.00000000,sell,2022-05-14 00:33:36.955005+00:00
2022-05-14T00:33:36.93728Z,70767525,0.53340000,812.00000000,buy,2022-05-14 00:33:36.937280+00:00
2022-05-14T00:33:36.93728Z,70767524,0.53340000,1862.54000000,buy,2022-05-14 00:33:36.937280+00:00
2022-05-14T00:33:36.93728Z,70767523,0.53360000,1400.00000000,buy,2022-05-14 00:33:36.937280+00:00
2022-05-14T00:33:36.879117Z,70767522,0.53390000,812.00000000,sell,2022-05-14 00:33:36.879117+00:00
2022-05-14T00:33:36.879117Z,70767521,0.53390000,563.04000000,sell,2022-05-14 00:33:36.879117+00:00
2022-05-14T00:33:36.879117Z,70767520,0.53380000,785.00000000,sell,2022-05-14 00:33:36.879117+00:00
2022-05-14T00:33:36.879117Z,70767519,0.53380000,412.01000000,sell,2022-05-14 00:33:36.879117+00:00
2022-05-14T00:33:36.878882Z,70767518,0.53380000,399.99000000,sell,2022-05-14 00:33:36.878882+00:00
2022-05-14T00:33:36.878715Z,70767517,0.53370000,5999.99000000,sell,2022-05-14 00:33:36.878715+00:00
2022-05-14T00:33:36.416156Z,70767516,0.53360000,308.85000000,buy,2022-05-14 00:33:36.416156+00:00
2022-05-14T00:33:36.395407Z,70767515,0.53360000,515.30000000,buy,2022-05-14 00:33:36.395407+00:00
2022-05-14T00:33:36.395407Z,70767514,0.53360000,484.90000000,buy,2022-05-14 00:33:36.395407+00:00
2022-05-14T00:33:36.311984Z,70767513,0.53370000,495.93000000,buy,2022-05-14 00:33:36.311984+00:00
2022-05-14T00:33:36.282836Z,70767512,0.53360000,327.10000000,buy,2022-05-14 00:33:36.282836+00:00
2022-05-14T00:33:36.282577Z,70767511,0.53370000,1870.37000000,buy,2022-05-14 00:33:36.282577+00:00
2022-05-14T00:33:36.273925Z,70767510,0.53370000,2848.29000000,buy,2022-05-14 00:33:36.273925+00:00
2022-05-14T00:33:36.273925Z,70767509,0.53370000,563.45000000,buy,2022-05-14 00:33:36.273925+00:00
2022-05-14T00:33:36.263001Z,70767508,0.53370000,248.55000000,buy,2022-05-14 00:33:36.263001+00:00
2022-05-14T00:33:36.126414Z,70767507,0.53390000,481.50000000,sell,2022-05-14 00:33:36.126414+00:00
2022-05-14T00:33:34.509348Z,70767506,0.53400000,6.81000000,sell,2022-05-14 00:33:34.509348+00:00
2022-05-14T00:33:33.007456Z,70767505,0.53370000,704.60000000,buy,2022-05-14 00:33:33.007456+00:00
2022-05-14T00:33:33.007456Z,70767504,0.53380000,812.00000000,buy,2022-05-14 00:33:33.007456+00:00
2022-05-14T00:33:33.007456Z,70767503,0.53380000,500.00000000,buy,2022-05-14 00:33:33.007456+00:00
2022-05-14T00:33:32.329367Z,70767502,0.53400000,89.43000000,sell,2022-05-14 00:33:32.329367+00:00
2022-05-14T00:33:31.543363Z,70767501,0.53400000,68.45000000,sell,2022-05-14 00:33:31.543363+00:00
2022-05-14T00:33:31.510597Z,70767500,0.53370000,88.52000000,buy,2022-05-14 00:33:31.510597+00:00
2022-05-14T00:33:31.430242Z,70767499,0.53400000,29.85000000,sell,2022-05-14 00:33:31.430242+00:00
