time,trade_id,price,size,side,date
2022-05-15T21:11:01.403941Z,8594774,0.19300000,280.00000000,buy,2022-05-15 21:11:01.403941+00:00
2022-05-15T21:10:23.411131Z,8594773,0.19310000,114.50000000,buy,2022-05-15 21:10:23.411131+00:00
2022-05-15T21:10:23.411131Z,8594772,0.19310000,8.60000000,buy,2022-05-15 21:10:23.411131+00:00
2022-05-15T21:10:23.411131Z,8594771,0.19320000,345.10000000,buy,2022-05-15 21:10:23.411131+00:00
2022-05-15T21:10:09.555449Z,8594770,0.19340000,323.00000000,buy,2022-05-15 21:10:09.555449+00:00
2022-05-15T21:09:33.660955Z,8594769,0.19360000,279.50000000,sell,2022-05-15 21:09:33.660955+00:00
2022-05-15T21:09:33.660955Z,8594768,0.19360000,304.50000000,sell,2022-05-15 21:09:33.660955+00:00
2022-05-15T21:09:13.895157Z,8594767,0.19320000,438.60000000,sell,2022-05-15 21:09:13.895157+00:00
2022-05-15T21:09:13.895157Z,8594766,0.19320000,280.00000000,sell,2022-05-15 21:09:13.895157+00:00
2022-05-15T21:09:13.895157Z,8594765,0.19300000,290.10000000,sell,2022-05-15 21:09:13.895157+00:00
2022-05-15T21:08:59.807015Z,8594764,0.19260000,63.60000000,buy,2022-05-15 21:08:59.807015+00:00
2022-05-15T21:08:58.311048Z,8594763,0.19310000,337.00000000,buy,2022-05-15 21:08:58.311048+00:00
2022-05-15T21:08:45.532764Z,8594762,0.19320000,321.20000000,sell,2022-05-15 21:08:45.532764+00:00
2022-05-15T21:07:56.741633Z,8594761,0.19310000,5.20000000,sell,2022-05-15 21:07:56.741633+00:00
2022-05-15T21:06:52.00144Z,8594760,0.19300000,1.00000000,buy,2022-05-15 21:06:52.001440+00:00
2022-05-15T21:06:46.143304Z,8594759,0.19350000,350.00000000,buy,2022-05-15 21:06:46.143304+00:00
2022-05-15T21:05:31.950092Z,8594758,0.19310000,322.00000000,sell,2022-05-15 21:05:31.950092+00:00
2022-05-15T21:05:14.264013Z,8594757,0.19260000,3.60000000,buy,2022-05-15 21:05:14.264013+00:00
2022-05-15T21:04:40.439842Z,8594756,0.19240000,15.50000000,buy,2022-05-15 21:04:40.439842+00:00
2022-05-15T21:04:18.563541Z,8594755,0.19240000,185.80000000,buy,2022-05-15 21:04:18.563541+00:00
2022-05-15T21:04:18.563541Z,8594754,0.19240000,280.00000000,buy,2022-05-15 21:04:18.563541+00:00
2022-05-15T21:03:25.023141Z,8594753,0.19270000,287.00000000,sell,2022-05-15 21:03:25.023141+00:00
2022-05-15T21:03:03.521432Z,8594752,0.19250000,327.00000000,sell,2022-05-15 21:03:03.521432+00:00
2022-05-15T21:01:54.783393Z,8594751,0.19180000,570.00000000,sell,2022-05-15 21:01:54.783393+00:00
2022-05-15T21:01:54.319855Z,8594750,0.19170000,289.00000000,buy,2022-05-15 21:01:54.319855+00:00
2022-05-15T21:01:54.197091Z,8594749,0.19180000,2.00000000,buy,2022-05-15 21:01:54.197091+00:00
2022-05-15T21:01:53.121875Z,8594748,0.19200000,284.00000000,buy,2022-05-15 21:01:53.121875+00:00
2022-05-15T21:01:36.949161Z,8594747,0.19240000,1.00000000,sell,2022-05-15 21:01:36.949161+00:00
2022-05-15T21:01:32.485184Z,8594746,0.19210000,5.00000000,buy,2022-05-15 21:01:32.485184+00:00
2022-05-15T21:01:10.376248Z,8594745,0.19220000,282.00000000,buy,2022-05-15 21:01:10.376248+00:00
2022-05-15T21:01:07.836963Z,8594744,0.19200000,5.00000000,buy,2022-05-15 21:01:07.836963+00:00
2022-05-15T20:59:06.932302Z,8594743,0.19250000,250.00000000,sell,2022-05-15 20:59:06.932302+00:00
2022-05-15T20:59:05.522609Z,8594742,0.19220000,283.00000000,buy,2022-05-15 20:59:05.522609+00:00
2022-05-15T20:58:05.496197Z,8594741,0.19230000,0.50000000,buy,2022-05-15 20:58:05.496197+00:00
2022-05-15T20:58:05.378424Z,8594740,0.19230000,319.00000000,buy,2022-05-15 20:58:05.378424+00:00
2022-05-15T20:57:45.982627Z,8594739,0.19230000,319.00000000,buy,2022-05-15 20:57:45.982627+00:00
2022-05-15T20:57:45.982627Z,8594738,0.19230000,280.00000000,buy,2022-05-15 20:57:45.982627+00:00
2022-05-15T20:56:33.555692Z,8594737,0.19280000,1.00000000,sell,2022-05-15 20:56:33.555692+00:00
2022-05-15T20:54:55.115031Z,8594736,0.19190000,19.60000000,buy,2022-05-15 20:54:55.115031+00:00
2022-05-15T20:54:40.40541Z,8594735,0.19210000,281.00000000,buy,2022-05-15 20:54:40.405410+00:00
2022-05-15T20:54:30.485094Z,8594734,0.19240000,322.00000000,buy,2022-05-15 20:54:30.485094+00:00
2022-05-15T20:54:14.004827Z,8594733,0.19260000,318.00000000,buy,2022-05-15 20:54:14.004827+00:00
2022-05-15T20:53:58.427863Z,8594732,0.19250000,319.00000000,sell,2022-05-15 20:53:58.427863+00:00
2022-05-15T20:52:59.729967Z,8594731,0.19240000,1.00000000,sell,2022-05-15 20:52:59.729967+00:00
2022-05-15T20:52:43.186933Z,8594730,0.19230000,319.00000000,buy,2022-05-15 20:52:43.186933+00:00
2022-05-15T20:51:58.353714Z,8594729,0.19260000,5.50000000,sell,2022-05-15 20:51:58.353714+00:00
2022-05-15T20:51:44.059175Z,8594728,0.19270000,51.20000000,sell,2022-05-15 20:51:44.059175+00:00
2022-05-15T20:51:07.449637Z,8594727,0.19260000,313.00000000,sell,2022-05-15 20:51:07.449637+00:00
2022-05-15T20:50:03.366835Z,8594726,0.19240000,62.80000000,buy,2022-05-15 20:50:03.366835+00:00
2022-05-15T20:49:53.818971Z,8594725,0.19230000,302.00000000,sell,2022-05-15 20:49:53.818971+00:00
2022-05-15T20:49:11.559685Z,8594724,0.19210000,69.90000000,sell,2022-05-15 20:49:11.559685+00:00
2022-05-15T20:49:11.559685Z,8594723,0.19210000,280.00000000,sell,2022-05-15 20:49:11.559685+00:00
2022-05-15T20:48:28.520405Z,8594722,0.19180000,1.00000000,buy,2022-05-15 20:48:28.520405+00:00
2022-05-15T20:48:04.557949Z,8594721,0.19230000,502.00000000,sell,2022-05-15 20:48:04.557949+00:00
2022-05-15T20:47:36.472755Z,8594720,0.19230000,549.00000000,sell,2022-05-15 20:47:36.472755+00:00
2022-05-15T20:47:36.472755Z,8594719,0.19220000,356.40000000,sell,2022-05-15 20:47:36.472755+00:00
2022-05-15T20:47:28.578859Z,8594718,0.19220000,309.00000000,buy,2022-05-15 20:47:28.578859+00:00
2022-05-15T20:47:16.09685Z,8594717,0.19250000,301.00000000,sell,2022-05-15 20:47:16.096850+00:00
2022-05-15T20:44:12.940082Z,8594716,0.19210000,328.00000000,sell,2022-05-15 20:44:12.940082+00:00
2022-05-15T20:44:09.352338Z,8594715,0.19210000,280.00000000,buy,2022-05-15 20:44:09.352338+00:00
2022-05-15T20:44:09.282398Z,8594714,0.19220000,280.00000000,buy,2022-05-15 20:44:09.282398+00:00
2022-05-15T20:44:09.266696Z,8594713,0.19230000,314.70000000,buy,2022-05-15 20:44:09.266696+00:00
2022-05-15T20:43:44.696403Z,8594712,0.19230000,1.00000000,buy,2022-05-15 20:43:44.696403+00:00
2022-05-15T20:42:45.417035Z,8594711,0.19270000,299.00000000,buy,2022-05-15 20:42:45.417035+00:00
2022-05-15T20:42:16.282491Z,8594710,0.19240000,307.00000000,sell,2022-05-15 20:42:16.282491+00:00
2022-05-15T20:41:33.790738Z,8594709,0.19220000,267.50000000,buy,2022-05-15 20:41:33.790738+00:00
2022-05-15T20:41:33.790738Z,8594708,0.19220000,306.00000000,buy,2022-05-15 20:41:33.790738+00:00
2022-05-15T20:41:22.320623Z,8594707,0.19260000,313.00000000,buy,2022-05-15 20:41:22.320623+00:00
2022-05-15T20:39:25.423894Z,8594706,0.19350000,1.00000000,sell,2022-05-15 20:39:25.423894+00:00
2022-05-15T20:39:08.932483Z,8594705,0.19340000,446.00000000,buy,2022-05-15 20:39:08.932483+00:00
2022-05-15T20:38:56.433755Z,8594704,0.19350000,2830.00000000,sell,2022-05-15 20:38:56.433755+00:00
2022-05-15T20:38:56.361262Z,8594703,0.19340000,90.00000000,sell,2022-05-15 20:38:56.361262+00:00
2022-05-15T20:38:56.351486Z,8594702,0.19350000,3484.20000000,sell,2022-05-15 20:38:56.351486+00:00
2022-05-15T20:38:56.307086Z,8594701,0.19310000,399.60000000,sell,2022-05-15 20:38:56.307086+00:00
2022-05-15T20:38:56.307086Z,8594700,0.19310000,377.40000000,sell,2022-05-15 20:38:56.307086+00:00
2022-05-15T20:38:34.768226Z,8594699,0.19310000,485.10000000,sell,2022-05-15 20:38:34.768226+00:00
2022-05-15T20:38:34.768226Z,8594698,0.19290000,370.60000000,sell,2022-05-15 20:38:34.768226+00:00
2022-05-15T20:37:17.602699Z,8594697,0.19230000,335.00000000,buy,2022-05-15 20:37:17.602699+00:00
2022-05-15T20:37:10.023947Z,8594696,0.19220000,318.00000000,sell,2022-05-15 20:37:10.023947+00:00
2022-05-15T20:37:07.064199Z,8594695,0.19170000,146.90000000,buy,2022-05-15 20:37:07.064199+00:00
2022-05-15T20:36:30.923666Z,8594694,0.19150000,3.70000000,buy,2022-05-15 20:36:30.923666+00:00
2022-05-15T20:35:41.233824Z,8594693,0.19190000,63.40000000,sell,2022-05-15 20:35:41.233824+00:00
2022-05-15T20:34:42.089787Z,8594692,0.19180000,335.00000000,buy,2022-05-15 20:34:42.089787+00:00
2022-05-15T20:34:08.776294Z,8594691,0.19150000,317.00000000,buy,2022-05-15 20:34:08.776294+00:00
2022-05-15T20:34:08.436884Z,8594690,0.19160000,325.00000000,buy,2022-05-15 20:34:08.436884+00:00
2022-05-15T20:33:50.15594Z,8594689,0.19190000,3270.00000000,sell,2022-05-15 20:33:50.155940+00:00
2022-05-15T20:33:49.143351Z,8594688,0.19190000,62.80000000,sell,2022-05-15 20:33:49.143351+00:00
2022-05-15T20:33:40.823323Z,8594687,0.19180000,326.00000000,buy,2022-05-15 20:33:40.823323+00:00
2022-05-15T20:33:27.254852Z,8594686,0.19200000,280.00000000,sell,2022-05-15 20:33:27.254852+00:00
2022-05-15T20:33:27.247503Z,8594685,0.19200000,483.00000000,sell,2022-05-15 20:33:27.247503+00:00
2022-05-15T20:33:27.239713Z,8594684,0.19200000,280.00000000,sell,2022-05-15 20:33:27.239713+00:00
2022-05-15T20:33:27.215886Z,8594683,0.19190000,90.00000000,sell,2022-05-15 20:33:27.215886+00:00
2022-05-15T20:33:27.192069Z,8594682,0.19160000,300.00000000,sell,2022-05-15 20:33:27.192069+00:00
2022-05-15T20:32:59.740941Z,8594681,0.19120000,299.00000000,sell,2022-05-15 20:32:59.740941+00:00
2022-05-15T20:32:52.300546Z,8594680,0.19100000,280.00000000,buy,2022-05-15 20:32:52.300546+00:00
2022-05-15T20:32:52.222087Z,8594679,0.19130000,2860.50000000,buy,2022-05-15 20:32:52.222087+00:00
2022-05-15T20:32:32.410172Z,8594678,0.19170000,1.00000000,sell,2022-05-15 20:32:32.410172+00:00
2022-05-15T20:32:31.530721Z,8594677,0.19150000,1000.00000000,buy,2022-05-15 20:32:31.530721+00:00
2022-05-15T20:32:10.1421Z,8594676,0.19150000,321.00000000,sell,2022-05-15 20:32:10.142100+00:00
2022-05-15T20:32:07.54641Z,8594675,0.19120000,198.30000000,buy,2022-05-15 20:32:07.546410+00:00
2022-05-15T20:31:38.693577Z,8594674,0.19090000,3.90000000,buy,2022-05-15 20:31:38.693577+00:00
2022-05-15T20:30:57.836487Z,8594673,0.19120000,1.00000000,buy,2022-05-15 20:30:57.836487+00:00
2022-05-15T20:30:57.53622Z,8594672,0.19130000,280.00000000,sell,2022-05-15 20:30:57.536220+00:00
2022-05-15T20:30:38.440985Z,8594671,0.19070000,316.00000000,buy,2022-05-15 20:30:38.440985+00:00
2022-05-15T20:30:33.723397Z,8594670,0.19090000,303.00000000,buy,2022-05-15 20:30:33.723397+00:00
2022-05-15T20:30:33.16148Z,8594669,0.19100000,2000.00000000,buy,2022-05-15 20:30:33.161480+00:00
2022-05-15T20:30:24.127444Z,8594668,0.19100000,1.00000000,buy,2022-05-15 20:30:24.127444+00:00
2022-05-15T20:30:19.850965Z,8594667,0.19110000,2.00000000,buy,2022-05-15 20:30:19.850965+00:00
2022-05-15T20:30:19.435438Z,8594666,0.19130000,300.00000000,buy,2022-05-15 20:30:19.435438+00:00
2022-05-15T20:29:54.818523Z,8594665,0.19140000,7.20000000,buy,2022-05-15 20:29:54.818523+00:00
2022-05-15T20:29:09.65446Z,8594664,0.19120000,1.00000000,buy,2022-05-15 20:29:09.654460+00:00
2022-05-15T20:29:09.407534Z,8594663,0.19150000,346.40000000,buy,2022-05-15 20:29:09.407534+00:00
2022-05-15T20:28:46.476038Z,8594662,0.19170000,345.00000000,sell,2022-05-15 20:28:46.476038+00:00
2022-05-15T20:28:44.96197Z,8594661,0.19120000,90.00000000,buy,2022-05-15 20:28:44.961970+00:00
2022-05-15T20:28:14.269713Z,8594660,0.19160000,29.60000000,sell,2022-05-15 20:28:14.269713+00:00
2022-05-15T20:27:56.790168Z,8594659,0.19140000,304.00000000,buy,2022-05-15 20:27:56.790168+00:00
2022-05-15T20:27:23.806352Z,8594658,0.19120000,324.00000000,buy,2022-05-15 20:27:23.806352+00:00
2022-05-15T20:26:57.699229Z,8594657,0.19100000,3.60000000,buy,2022-05-15 20:26:57.699229+00:00
2022-05-15T20:26:46.635136Z,8594656,0.19110000,1374.10000000,buy,2022-05-15 20:26:46.635136+00:00
2022-05-15T20:26:46.635136Z,8594655,0.19110000,280.00000000,buy,2022-05-15 20:26:46.635136+00:00
2022-05-15T20:26:46.635136Z,8594654,0.19120000,303.30000000,buy,2022-05-15 20:26:46.635136+00:00
2022-05-15T20:26:46.635136Z,8594653,0.19120000,2000.00000000,buy,2022-05-15 20:26:46.635136+00:00
2022-05-15T20:26:46.635136Z,8594652,0.19120000,280.00000000,buy,2022-05-15 20:26:46.635136+00:00
2022-05-15T20:26:41.644613Z,8594651,0.19130000,322.00000000,sell,2022-05-15 20:26:41.644613+00:00
2022-05-15T20:26:32.872235Z,8594650,0.19120000,2000.00000000,buy,2022-05-15 20:26:32.872235+00:00
2022-05-15T20:26:32.872235Z,8594649,0.19120000,309.60000000,buy,2022-05-15 20:26:32.872235+00:00
2022-05-15T20:26:24.947396Z,8594648,0.19120000,1.00000000,buy,2022-05-15 20:26:24.947396+00:00
2022-05-15T20:26:19.440035Z,8594647,0.19120000,3.60000000,buy,2022-05-15 20:26:19.440035+00:00
2022-05-15T20:26:16.748136Z,8594646,0.19140000,316.00000000,buy,2022-05-15 20:26:16.748136+00:00
2022-05-15T20:26:09.356726Z,8594645,0.19130000,488.10000000,sell,2022-05-15 20:26:09.356726+00:00
2022-05-15T20:26:09.356726Z,8594644,0.19130000,280.00000000,sell,2022-05-15 20:26:09.356726+00:00
2022-05-15T20:26:09.356726Z,8594643,0.19130000,319.90000000,sell,2022-05-15 20:26:09.356726+00:00
2022-05-15T20:25:22.419798Z,8594642,0.19080000,280.00000000,sell,2022-05-15 20:25:22.419798+00:00
2022-05-15T20:25:22.419798Z,8594641,0.19080000,4647.10000000,sell,2022-05-15 20:25:22.419798+00:00
2022-05-15T20:25:06.679613Z,8594640,0.19030000,279.00000000,buy,2022-05-15 20:25:06.679613+00:00
2022-05-15T20:25:06.626545Z,8594639,0.19040000,2000.00000000,buy,2022-05-15 20:25:06.626545+00:00
2022-05-15T20:25:01.239Z,8594638,0.19050000,279.00000000,buy,2022-05-15 20:25:01.239000+00:00
2022-05-15T20:24:48.714031Z,8594637,0.19060000,280.00000000,buy,2022-05-15 20:24:48.714031+00:00
2022-05-15T20:24:48.064798Z,8594636,0.19060000,117.20000000,buy,2022-05-15 20:24:48.064798+00:00
2022-05-15T20:24:46.577323Z,8594635,0.19080000,302.00000000,buy,2022-05-15 20:24:46.577323+00:00
2022-05-15T20:24:42.236832Z,8594634,0.19110000,330.00000000,buy,2022-05-15 20:24:42.236832+00:00
2022-05-15T20:24:30.836879Z,8594633,0.19110000,2000.00000000,buy,2022-05-15 20:24:30.836879+00:00
2022-05-15T20:24:30.836879Z,8594632,0.19110000,330.80000000,buy,2022-05-15 20:24:30.836879+00:00
2022-05-15T20:24:10.552124Z,8594631,0.19110000,336.00000000,sell,2022-05-15 20:24:10.552124+00:00
2022-05-15T20:23:31.136181Z,8594630,0.19040000,302.00000000,buy,2022-05-15 20:23:31.136181+00:00
2022-05-15T20:23:29.888299Z,8594629,0.19040000,2.00000000,buy,2022-05-15 20:23:29.888299+00:00
2022-05-15T20:23:16.383004Z,8594628,0.19050000,290.30000000,sell,2022-05-15 20:23:16.383004+00:00
2022-05-15T20:23:07.000763Z,8594627,0.19030000,70.60000000,sell,2022-05-15 20:23:07.000763+00:00
2022-05-15T20:23:02.092614Z,8594626,0.19010000,1.50000000,buy,2022-05-15 20:23:02.092614+00:00
2022-05-15T20:22:53.674248Z,8594625,0.19010000,2103.00000000,buy,2022-05-15 20:22:53.674248+00:00
2022-05-15T20:22:42.151076Z,8594624,0.19040000,286.00000000,buy,2022-05-15 20:22:42.151076+00:00
2022-05-15T20:22:40.912752Z,8594623,0.19050000,312.00000000,buy,2022-05-15 20:22:40.912752+00:00
2022-05-15T20:22:40.291634Z,8594622,0.19070000,96.50000000,sell,2022-05-15 20:22:40.291634+00:00
2022-05-15T20:22:32.650511Z,8594621,0.19040000,1923.30000000,buy,2022-05-15 20:22:32.650511+00:00
2022-05-15T20:22:32.650511Z,8594620,0.19040000,282.80000000,buy,2022-05-15 20:22:32.650511+00:00
2022-05-15T20:22:29.689364Z,8594619,0.19040000,1.00000000,buy,2022-05-15 20:22:29.689364+00:00
2022-05-15T20:22:28.101085Z,8594618,0.19070000,284.60000000,buy,2022-05-15 20:22:28.101085+00:00
2022-05-15T20:22:16.777791Z,8594617,0.19080000,5.90000000,buy,2022-05-15 20:22:16.777791+00:00
2022-05-15T20:22:16.653066Z,8594616,0.19090000,317.60000000,buy,2022-05-15 20:22:16.653066+00:00
2022-05-15T20:21:50.988615Z,8594615,0.19100000,280.00000000,buy,2022-05-15 20:21:50.988615+00:00
2022-05-15T20:21:15.41517Z,8594614,0.19100000,301.00000000,buy,2022-05-15 20:21:15.415170+00:00
2022-05-15T20:20:56.443932Z,8594613,0.19120000,156.20000000,sell,2022-05-15 20:20:56.443932+00:00
2022-05-15T20:20:41.875146Z,8594612,0.19080000,295.00000000,buy,2022-05-15 20:20:41.875146+00:00
2022-05-15T20:20:25.686696Z,8594611,0.19070000,312.00000000,buy,2022-05-15 20:20:25.686696+00:00
2022-05-15T20:20:20.170537Z,8594610,0.19100000,0.10000000,sell,2022-05-15 20:20:20.170537+00:00
2022-05-15T20:20:20.16386Z,8594609,0.19100000,5801.60000000,sell,2022-05-15 20:20:20.163860+00:00
2022-05-15T20:20:02.751934Z,8594608,0.19100000,47.00000000,sell,2022-05-15 20:20:02.751934+00:00
2022-05-15T20:19:58.057919Z,8594607,0.19110000,280.00000000,sell,2022-05-15 20:19:58.057919+00:00
2022-05-15T20:19:58.04753Z,8594606,0.19110000,3076.00000000,sell,2022-05-15 20:19:58.047530+00:00
2022-05-15T20:19:58.042168Z,8594605,0.19110000,280.00000000,sell,2022-05-15 20:19:58.042168+00:00
2022-05-15T20:19:58.015973Z,8594604,0.19090000,330.90000000,sell,2022-05-15 20:19:58.015973+00:00
2022-05-15T20:19:45.508269Z,8594603,0.19090000,9.90000000,sell,2022-05-15 20:19:45.508269+00:00
2022-05-15T20:19:38.81933Z,8594602,0.18990000,3548.70000000,buy,2022-05-15 20:19:38.819330+00:00
2022-05-15T20:19:38.81933Z,8594601,0.19000000,400.00000000,buy,2022-05-15 20:19:38.819330+00:00
2022-05-15T20:19:38.81933Z,8594600,0.19000000,11429.00000000,buy,2022-05-15 20:19:38.819330+00:00
2022-05-15T20:19:38.81933Z,8594599,0.19010000,6156.50000000,buy,2022-05-15 20:19:38.819330+00:00
2022-05-15T20:19:38.81933Z,8594598,0.19010000,400.00000000,buy,2022-05-15 20:19:38.819330+00:00
2022-05-15T20:19:38.81933Z,8594597,0.19010000,2798.50000000,buy,2022-05-15 20:19:38.819330+00:00
2022-05-15T20:19:38.81933Z,8594596,0.19020000,5801.70000000,buy,2022-05-15 20:19:38.819330+00:00
2022-05-15T20:19:38.81933Z,8594595,0.19020000,13000.00000000,buy,2022-05-15 20:19:38.819330+00:00
2022-05-15T20:19:38.81933Z,8594594,0.19020000,567.90000000,buy,2022-05-15 20:19:38.819330+00:00
2022-05-15T20:19:38.81933Z,8594593,0.19030000,2774.50000000,buy,2022-05-15 20:19:38.819330+00:00
2022-05-15T20:19:38.81933Z,8594592,0.19030000,558.30000000,buy,2022-05-15 20:19:38.819330+00:00
2022-05-15T20:19:38.81933Z,8594591,0.19040000,300.00000000,buy,2022-05-15 20:19:38.819330+00:00
2022-05-15T20:19:38.81933Z,8594590,0.19040000,538.40000000,buy,2022-05-15 20:19:38.819330+00:00
2022-05-15T20:19:38.81933Z,8594589,0.19050000,2903.40000000,buy,2022-05-15 20:19:38.819330+00:00
2022-05-15T20:19:38.81933Z,8594588,0.19050000,400.00000000,buy,2022-05-15 20:19:38.819330+00:00
2022-05-15T20:19:38.81933Z,8594587,0.19050000,280.00000000,buy,2022-05-15 20:19:38.819330+00:00
2022-05-15T20:19:38.81933Z,8594586,0.19060000,4446.80000000,buy,2022-05-15 20:19:38.819330+00:00
2022-05-15T20:19:38.81933Z,8594585,0.19060000,4594.20000000,buy,2022-05-15 20:19:38.819330+00:00
2022-05-15T20:19:38.81933Z,8594584,0.19060000,537.70000000,buy,2022-05-15 20:19:38.819330+00:00
2022-05-15T20:19:38.81933Z,8594583,0.19060000,280.00000000,buy,2022-05-15 20:19:38.819330+00:00
2022-05-15T20:19:38.81933Z,8594582,0.19060000,314.50000000,buy,2022-05-15 20:19:38.819330+00:00
2022-05-15T20:19:38.81933Z,8594581,0.19070000,280.00000000,buy,2022-05-15 20:19:38.819330+00:00
2022-05-15T20:19:35.16982Z,8594580,0.19090000,306.00000000,sell,2022-05-15 20:19:35.169820+00:00
2022-05-15T20:19:35.16982Z,8594579,0.19090000,280.00000000,sell,2022-05-15 20:19:35.169820+00:00
2022-05-15T20:18:09.022348Z,8594578,0.19030000,1.00000000,buy,2022-05-15 20:18:09.022348+00:00
2022-05-15T20:17:48.765095Z,8594577,0.19040000,10.90000000,buy,2022-05-15 20:17:48.765095+00:00
2022-05-15T20:17:47.826218Z,8594576,0.19050000,295.10000000,buy,2022-05-15 20:17:47.826218+00:00
2022-05-15T20:17:31.455298Z,8594575,0.19060000,3.00000000,buy,2022-05-15 20:17:31.455298+00:00
2022-05-15T20:17:31.455298Z,8594574,0.19080000,0.70000000,buy,2022-05-15 20:17:31.455298+00:00
2022-05-15T20:17:27.338671Z,8594573,0.19080000,1938.00000000,buy,2022-05-15 20:17:27.338671+00:00
2022-05-15T20:17:27.13316Z,8594572,0.19070000,326.00000000,buy,2022-05-15 20:17:27.133160+00:00
2022-05-15T20:16:43.129041Z,8594571,0.19100000,2085.60000000,buy,2022-05-15 20:16:43.129041+00:00
2022-05-15T20:16:43.129041Z,8594570,0.19100000,560.40000000,buy,2022-05-15 20:16:43.129041+00:00
2022-05-15T20:16:43.129041Z,8594569,0.19100000,280.00000000,buy,2022-05-15 20:16:43.129041+00:00
2022-05-15T20:16:39.45216Z,8594568,0.19130000,349.00000000,sell,2022-05-15 20:16:39.452160+00:00
2022-05-15T20:16:17.403466Z,8594567,0.19080000,2006.90000000,sell,2022-05-15 20:16:17.403466+00:00
2022-05-15T20:16:17.403466Z,8594566,0.19080000,280.00000000,sell,2022-05-15 20:16:17.403466+00:00
2022-05-15T20:16:17.403466Z,8594565,0.19070000,280.00000000,sell,2022-05-15 20:16:17.403466+00:00
2022-05-15T20:15:17.547895Z,8594564,0.19140000,184.90000000,sell,2022-05-15 20:15:17.547895+00:00
2022-05-15T20:15:17.547895Z,8594563,0.19140000,300.00000000,sell,2022-05-15 20:15:17.547895+00:00
2022-05-15T20:15:17.547895Z,8594562,0.19140000,280.00000000,sell,2022-05-15 20:15:17.547895+00:00
2022-05-15T20:15:08.429118Z,8594561,0.19140000,370.00000000,sell,2022-05-15 20:15:08.429118+00:00
2022-05-15T20:14:32.867876Z,8594560,0.19080000,364.00000000,sell,2022-05-15 20:14:32.867876+00:00
2022-05-15T20:14:30.763549Z,8594559,0.19120000,21.60000000,sell,2022-05-15 20:14:30.763549+00:00
2022-05-15T20:14:21.861303Z,8594558,0.19140000,449.20000000,buy,2022-05-15 20:14:21.861303+00:00
2022-05-15T20:14:20.679901Z,8594557,0.19160000,280.00000000,sell,2022-05-15 20:14:20.679901+00:00
2022-05-15T20:14:13.65949Z,8594556,0.19120000,376.00000000,sell,2022-05-15 20:14:13.659490+00:00
2022-05-15T20:14:10.660943Z,8594555,0.19130000,424.00000000,sell,2022-05-15 20:14:10.660943+00:00
2022-05-15T20:14:09.126208Z,8594554,0.19110000,356.00000000,sell,2022-05-15 20:14:09.126208+00:00
2022-05-15T20:14:03.695639Z,8594553,0.19010000,1.00000000,buy,2022-05-15 20:14:03.695639+00:00
2022-05-15T20:14:02.651111Z,8594552,0.19020000,2488.30000000,sell,2022-05-15 20:14:02.651111+00:00
2022-05-15T20:14:02.459353Z,8594551,0.19010000,553.20000000,sell,2022-05-15 20:14:02.459353+00:00
2022-05-15T20:14:01.093081Z,8594550,0.18960000,299.00000000,buy,2022-05-15 20:14:01.093081+00:00
2022-05-15T20:14:00.705193Z,8594549,0.18980000,0.70000000,buy,2022-05-15 20:14:00.705193+00:00
2022-05-15T20:14:00.670738Z,8594548,0.18980000,331.00000000,buy,2022-05-15 20:14:00.670738+00:00
2022-05-15T20:14:00.237626Z,8594547,0.18990000,315.00000000,buy,2022-05-15 20:14:00.237626+00:00
2022-05-15T20:13:55.614753Z,8594546,0.19010000,0.10000000,buy,2022-05-15 20:13:55.614753+00:00
2022-05-15T20:13:55.591007Z,8594545,0.19010000,341.00000000,buy,2022-05-15 20:13:55.591007+00:00
2022-05-15T20:13:53.185465Z,8594544,0.19010000,308.00000000,buy,2022-05-15 20:13:53.185465+00:00
2022-05-15T20:13:38.564265Z,8594543,0.19000000,344.00000000,buy,2022-05-15 20:13:38.564265+00:00
2022-05-15T20:13:33.291159Z,8594542,0.19030000,0.50000000,buy,2022-05-15 20:13:33.291159+00:00
2022-05-15T20:13:33.029627Z,8594541,0.19030000,369.00000000,buy,2022-05-15 20:13:33.029627+00:00
2022-05-15T20:13:28.46792Z,8594540,0.19010000,335.00000000,buy,2022-05-15 20:13:28.467920+00:00
2022-05-15T20:13:26.497865Z,8594539,0.19020000,280.00000000,sell,2022-05-15 20:13:26.497865+00:00
2022-05-15T20:13:26.106992Z,8594538,0.19020000,280.00000000,sell,2022-05-15 20:13:26.106992+00:00
2022-05-15T20:13:26.106992Z,8594537,0.19020000,552.30000000,sell,2022-05-15 20:13:26.106992+00:00
2022-05-15T20:13:26.106992Z,8594536,0.19010000,280.00000000,sell,2022-05-15 20:13:26.106992+00:00
2022-05-15T20:13:26.106992Z,8594535,0.19010000,320.50000000,sell,2022-05-15 20:13:26.106992+00:00
2022-05-15T20:13:26.106992Z,8594534,0.19010000,508.50000000,sell,2022-05-15 20:13:26.106992+00:00
2022-05-15T20:13:22.554389Z,8594533,0.18990000,294.00000000,sell,2022-05-15 20:13:22.554389+00:00
2022-05-15T20:13:22.099942Z,8594532,0.18990000,311.00000000,buy,2022-05-15 20:13:22.099942+00:00
2022-05-15T20:13:18.535517Z,8594531,0.19060000,528.00000000,buy,2022-05-15 20:13:18.535517+00:00
2022-05-15T20:13:18.406072Z,8594530,0.19070000,419.50000000,buy,2022-05-15 20:13:18.406072+00:00
2022-05-15T20:13:18.406072Z,8594529,0.19070000,532.50000000,buy,2022-05-15 20:13:18.406072+00:00
2022-05-15T20:13:17.27827Z,8594528,0.19090000,425.00000000,buy,2022-05-15 20:13:17.278270+00:00
2022-05-15T20:13:16.676821Z,8594527,0.19110000,280.00000000,buy,2022-05-15 20:13:16.676821+00:00
2022-05-15T20:13:16.562017Z,8594526,0.19120000,551.00000000,buy,2022-05-15 20:13:16.562017+00:00
2022-05-15T20:13:16.562017Z,8594525,0.19120000,280.00000000,buy,2022-05-15 20:13:16.562017+00:00
2022-05-15T20:13:16.01348Z,8594524,0.19130000,523.40000000,buy,2022-05-15 20:13:16.013480+00:00
2022-05-15T20:13:16.01348Z,8594523,0.19130000,280.00000000,buy,2022-05-15 20:13:16.013480+00:00
2022-05-15T20:13:11.208635Z,8594522,0.19130000,389.30000000,sell,2022-05-15 20:13:11.208635+00:00
2022-05-15T20:13:03.572213Z,8594521,0.19100000,469.00000000,buy,2022-05-15 20:13:03.572213+00:00
2022-05-15T20:13:02.437163Z,8594520,0.19090000,388.00000000,sell,2022-05-15 20:13:02.437163+00:00
2022-05-15T20:13:00.530898Z,8594519,0.19070000,280.00000000,buy,2022-05-15 20:13:00.530898+00:00
2022-05-15T20:12:54.090963Z,8594518,0.19040000,355.70000000,sell,2022-05-15 20:12:54.090963+00:00
2022-05-15T20:12:51.198805Z,8594517,0.18990000,297.70000000,sell,2022-05-15 20:12:51.198805+00:00
2022-05-15T20:11:47.400385Z,8594516,0.18940000,289.00000000,sell,2022-05-15 20:11:47.400385+00:00
2022-05-15T20:11:12.651269Z,8594515,0.18920000,2892.00000000,buy,2022-05-15 20:11:12.651269+00:00
2022-05-15T20:10:59.314709Z,8594514,0.18940000,289.00000000,sell,2022-05-15 20:10:59.314709+00:00
2022-05-15T20:10:05.047128Z,8594513,0.18910000,3.70000000,buy,2022-05-15 20:10:05.047128+00:00
2022-05-15T20:09:15.003481Z,8594512,0.18910000,1.00000000,buy,2022-05-15 20:09:15.003481+00:00
2022-05-15T20:08:57.018033Z,8594511,0.18900000,288.00000000,buy,2022-05-15 20:08:57.018033+00:00
2022-05-15T20:08:25.470832Z,8594510,0.18910000,310.00000000,sell,2022-05-15 20:08:25.470832+00:00
2022-05-15T20:08:24.953249Z,8594509,0.18930000,282.00000000,buy,2022-05-15 20:08:24.953249+00:00
2022-05-15T20:08:14.465886Z,8594508,0.18920000,2000.00000000,sell,2022-05-15 20:08:14.465886+00:00
2022-05-15T20:08:14.465886Z,8594507,0.18920000,306.00000000,sell,2022-05-15 20:08:14.465886+00:00
2022-05-15T20:08:11.040142Z,8594506,0.18890000,0.60000000,sell,2022-05-15 20:08:11.040142+00:00
2022-05-15T20:07:38.715277Z,8594505,0.18890000,2.00000000,sell,2022-05-15 20:07:38.715277+00:00
2022-05-15T20:06:33.808922Z,8594504,0.18890000,321.00000000,sell,2022-05-15 20:06:33.808922+00:00
2022-05-15T20:06:23.807651Z,8594503,0.18900000,1.00000000,sell,2022-05-15 20:06:23.807651+00:00
2022-05-15T20:05:59.576784Z,8594502,0.18870000,324.00000000,sell,2022-05-15 20:05:59.576784+00:00
2022-05-15T20:05:12.913048Z,8594501,0.18860000,326.00000000,sell,2022-05-15 20:05:12.913048+00:00
2022-05-15T20:05:11.200688Z,8594500,0.18850000,469.00000000,sell,2022-05-15 20:05:11.200688+00:00
2022-05-15T20:05:00.298315Z,8594499,0.18900000,123.70000000,sell,2022-05-15 20:05:00.298315+00:00
2022-05-15T20:04:23.912559Z,8594498,0.18870000,412.50000000,buy,2022-05-15 20:04:23.912559+00:00
2022-05-15T20:04:20.28862Z,8594497,0.18910000,280.00000000,sell,2022-05-15 20:04:20.288620+00:00
2022-05-15T20:04:18.522006Z,8594496,0.18900000,1.00000000,sell,2022-05-15 20:04:18.522006+00:00
2022-05-15T20:04:17.470301Z,8594495,0.18870000,362.00000000,sell,2022-05-15 20:04:17.470301+00:00
2022-05-15T20:04:13.811389Z,8594494,0.18840000,383.00000000,sell,2022-05-15 20:04:13.811389+00:00
2022-05-15T20:04:13.031313Z,8594493,0.18830000,2000.00000000,sell,2022-05-15 20:04:13.031313+00:00
2022-05-15T20:04:00.49498Z,8594492,0.18820000,71.30000000,sell,2022-05-15 20:04:00.494980+00:00
2022-05-15T20:03:53.486606Z,8594491,0.18810000,348.00000000,buy,2022-05-15 20:03:53.486606+00:00
2022-05-15T20:03:41.634885Z,8594490,0.18850000,500.00000000,buy,2022-05-15 20:03:41.634885+00:00
2022-05-15T20:03:17.709303Z,8594489,0.18880000,411.00000000,buy,2022-05-15 20:03:17.709303+00:00
2022-05-15T20:03:06.706523Z,8594488,0.18890000,399.80000000,buy,2022-05-15 20:03:06.706523+00:00
2022-05-15T20:03:06.706523Z,8594487,0.18890000,280.20000000,buy,2022-05-15 20:03:06.706523+00:00
2022-05-15T20:03:01.360071Z,8594486,0.18900000,1.00000000,sell,2022-05-15 20:03:01.360071+00:00
2022-05-15T20:03:01.334832Z,8594485,0.18890000,13000.00000000,sell,2022-05-15 20:03:01.334832+00:00
2022-05-15T20:03:01.313086Z,8594484,0.18880000,404.90000000,sell,2022-05-15 20:03:01.313086+00:00
2022-05-15T20:02:53.297035Z,8594483,0.18850000,719.20000000,buy,2022-05-15 20:02:53.297035+00:00
2022-05-15T20:02:53.280146Z,8594482,0.18870000,0.80000000,buy,2022-05-15 20:02:53.280146+00:00
2022-05-15T20:02:53.267954Z,8594481,0.18870000,32918.00000000,buy,2022-05-15 20:02:53.267954+00:00
2022-05-15T20:02:48.591401Z,8594480,0.18900000,1.00000000,sell,2022-05-15 20:02:48.591401+00:00
2022-05-15T20:02:47.085029Z,8594479,0.18880000,293.00000000,buy,2022-05-15 20:02:47.085029+00:00
2022-05-15T20:02:42.654738Z,8594478,0.18910000,347.70000000,sell,2022-05-15 20:02:42.654738+00:00
2022-05-15T20:02:38.233524Z,8594477,0.18910000,13000.00000000,sell,2022-05-15 20:02:38.233524+00:00
2022-05-15T20:02:38.14438Z,8594476,0.18900000,396.00000000,sell,2022-05-15 20:02:38.144380+00:00
2022-05-15T20:02:38.125212Z,8594475,0.18890000,1999.70000000,sell,2022-05-15 20:02:38.125212+00:00
2022-05-15T20:02:38.125212Z,8594474,0.18890000,343.30000000,sell,2022-05-15 20:02:38.125212+00:00
2022-05-15T20:02:37.897745Z,8594473,0.18870000,280.00000000,buy,2022-05-15 20:02:37.897745+00:00
2022-05-15T20:02:34.171516Z,8594472,0.18880000,280.00000000,buy,2022-05-15 20:02:34.171516+00:00
2022-05-15T20:02:33.913419Z,8594471,0.18920000,315.90000000,buy,2022-05-15 20:02:33.913419+00:00
2022-05-15T20:02:31.40936Z,8594470,0.18970000,302.00000000,buy,2022-05-15 20:02:31.409360+00:00
2022-05-15T20:02:23.797444Z,8594469,0.19000000,161.00000000,buy,2022-05-15 20:02:23.797444+00:00
2022-05-15T20:01:03.657741Z,8594468,0.19110000,364.00000000,sell,2022-05-15 20:01:03.657741+00:00
2022-05-15T20:00:44.522233Z,8594467,0.19080000,343.00000000,sell,2022-05-15 20:00:44.522233+00:00
2022-05-15T20:00:05.160355Z,8594466,0.19060000,349.00000000,sell,2022-05-15 20:00:05.160355+00:00
2022-05-15T20:00:04.26073Z,8594465,0.19040000,352.00000000,sell,2022-05-15 20:00:04.260730+00:00
2022-05-15T19:59:54.833535Z,8594464,0.19040000,10.00000000,sell,2022-05-15 19:59:54.833535+00:00
2022-05-15T19:59:00.131631Z,8594463,0.19040000,1061.00000000,sell,2022-05-15 19:59:00.131631+00:00
2022-05-15T19:59:00.113288Z,8594462,0.19040000,939.00000000,sell,2022-05-15 19:59:00.113288+00:00
2022-05-15T19:58:52.228767Z,8594461,0.19090000,2.00000000,sell,2022-05-15 19:58:52.228767+00:00
2022-05-15T19:58:50.401832Z,8594460,0.19060000,353.00000000,sell,2022-05-15 19:58:50.401832+00:00
2022-05-15T19:58:42.470355Z,8594459,0.19040000,10.00000000,sell,2022-05-15 19:58:42.470355+00:00
2022-05-15T19:58:42.470355Z,8594458,0.19030000,0.20000000,sell,2022-05-15 19:58:42.470355+00:00
2022-05-15T19:58:17.102698Z,8594457,0.19030000,5.00000000,sell,2022-05-15 19:58:17.102698+00:00
2022-05-15T19:58:15.226441Z,8594456,0.19000000,1999.90000000,sell,2022-05-15 19:58:15.226441+00:00
2022-05-15T19:58:03.928474Z,8594455,0.18980000,1.00000000,buy,2022-05-15 19:58:03.928474+00:00
2022-05-15T19:56:36.592755Z,8594454,0.19040000,125.80000000,sell,2022-05-15 19:56:36.592755+00:00
2022-05-15T19:56:36.592755Z,8594453,0.19040000,11.70000000,sell,2022-05-15 19:56:36.592755+00:00
2022-05-15T19:56:36.592755Z,8594452,0.19030000,526.80000000,sell,2022-05-15 19:56:36.592755+00:00
2022-05-15T19:56:36.592755Z,8594451,0.19010000,379.60000000,sell,2022-05-15 19:56:36.592755+00:00
2022-05-15T19:56:36.592755Z,8594450,0.19000000,10.00000000,sell,2022-05-15 19:56:36.592755+00:00
2022-05-15T19:54:58.49514Z,8594449,0.18990000,366.70000000,sell,2022-05-15 19:54:58.495140+00:00
2022-05-15T19:54:58.49514Z,8594448,0.18990000,22.30000000,sell,2022-05-15 19:54:58.495140+00:00
2022-05-15T19:54:38.505138Z,8594447,0.18990000,5649.80000000,sell,2022-05-15 19:54:38.505138+00:00
2022-05-15T19:54:38.505138Z,8594446,0.18990000,368.30000000,sell,2022-05-15 19:54:38.505138+00:00
2022-05-15T19:54:38.505138Z,8594445,0.18980000,689.90000000,sell,2022-05-15 19:54:38.505138+00:00
2022-05-15T19:54:38.505138Z,8594444,0.18980000,4396.10000000,sell,2022-05-15 19:54:38.505138+00:00
2022-05-15T19:54:38.505138Z,8594443,0.18980000,535.90000000,sell,2022-05-15 19:54:38.505138+00:00
2022-05-15T19:54:38.505138Z,8594442,0.18970000,2000.00000000,sell,2022-05-15 19:54:38.505138+00:00
2022-05-15T19:54:06.513442Z,8594441,0.18940000,37.00000000,sell,2022-05-15 19:54:06.513442+00:00
2022-05-15T19:53:56.40818Z,8594440,0.18890000,42.70000000,buy,2022-05-15 19:53:56.408180+00:00
2022-05-15T19:53:38.340718Z,8594439,0.18920000,5.00000000,buy,2022-05-15 19:53:38.340718+00:00
2022-05-15T19:53:37.169678Z,8594438,0.18930000,309.10000000,buy,2022-05-15 19:53:37.169678+00:00
2022-05-15T19:52:31.488554Z,8594437,0.18980000,133.40000000,buy,2022-05-15 19:52:31.488554+00:00
2022-05-15T19:52:31.488554Z,8594436,0.18990000,5.00000000,buy,2022-05-15 19:52:31.488554+00:00
2022-05-15T19:52:13.979035Z,8594435,0.18990000,399.30000000,sell,2022-05-15 19:52:13.979035+00:00
2022-05-15T19:52:13.979035Z,8594434,0.18990000,2826.30000000,sell,2022-05-15 19:52:13.979035+00:00
2022-05-15T19:51:10.010814Z,8594433,0.18970000,377.70000000,sell,2022-05-15 19:51:10.010814+00:00
2022-05-15T19:50:36.911547Z,8594432,0.18980000,2086.30000000,sell,2022-05-15 19:50:36.911547+00:00
2022-05-15T19:50:36.911547Z,8594431,0.18980000,501.20000000,sell,2022-05-15 19:50:36.911547+00:00
2022-05-15T19:50:36.911547Z,8594430,0.18970000,1749.50000000,sell,2022-05-15 19:50:36.911547+00:00
2022-05-15T19:50:36.911547Z,8594429,0.18970000,2000.00000000,sell,2022-05-15 19:50:36.911547+00:00
2022-05-15T19:50:36.911547Z,8594428,0.18970000,364.30000000,sell,2022-05-15 19:50:36.911547+00:00
2022-05-15T19:50:33.547345Z,8594427,0.18970000,1.00000000,sell,2022-05-15 19:50:33.547345+00:00
2022-05-15T19:50:14.299159Z,8594426,0.18970000,74.00000000,sell,2022-05-15 19:50:14.299159+00:00
2022-05-15T19:50:14.038475Z,8594425,0.18960000,372.00000000,sell,2022-05-15 19:50:14.038475+00:00
2022-05-15T19:50:14.038475Z,8594424,0.18960000,280.00000000,sell,2022-05-15 19:50:14.038475+00:00
2022-05-15T19:50:13.666937Z,8594423,0.18940000,280.00000000,sell,2022-05-15 19:50:13.666937+00:00
2022-05-15T19:50:11.078549Z,8594422,0.18890000,3.70000000,buy,2022-05-15 19:50:11.078549+00:00
2022-05-15T19:49:50.546366Z,8594421,0.18930000,492.70000000,sell,2022-05-15 19:49:50.546366+00:00
2022-05-15T19:49:50.546366Z,8594420,0.18930000,280.00000000,sell,2022-05-15 19:49:50.546366+00:00
2022-05-15T19:49:27.456367Z,8594419,0.18920000,68.40000000,sell,2022-05-15 19:49:27.456367+00:00
2022-05-15T19:49:27.456367Z,8594418,0.18920000,136.00000000,sell,2022-05-15 19:49:27.456367+00:00
2022-05-15T19:49:27.456367Z,8594417,0.18920000,321.50000000,sell,2022-05-15 19:49:27.456367+00:00
2022-05-15T19:48:32.321835Z,8594416,0.18870000,399.20000000,buy,2022-05-15 19:48:32.321835+00:00
2022-05-15T19:48:32.321835Z,8594415,0.18870000,318.80000000,buy,2022-05-15 19:48:32.321835+00:00
2022-05-15T19:47:28.388533Z,8594414,0.18900000,335.00000000,buy,2022-05-15 19:47:28.388533+00:00
2022-05-15T19:46:52.5102Z,8594413,0.18970000,434.00000000,buy,2022-05-15 19:46:52.510200+00:00
2022-05-15T19:46:45.068336Z,8594412,0.19000000,238.30000000,sell,2022-05-15 19:46:45.068336+00:00
2022-05-15T19:46:31.884897Z,8594411,0.18950000,470.70000000,sell,2022-05-15 19:46:31.884897+00:00
2022-05-15T19:46:31.884897Z,8594410,0.18950000,432.30000000,sell,2022-05-15 19:46:31.884897+00:00
2022-05-15T19:45:58.174022Z,8594409,0.18900000,3.20000000,buy,2022-05-15 19:45:58.174022+00:00
2022-05-15T19:45:01.327178Z,8594408,0.18890000,64.10000000,buy,2022-05-15 19:45:01.327178+00:00
2022-05-15T19:44:53.194053Z,8594407,0.18920000,399.90000000,sell,2022-05-15 19:44:53.194053+00:00
2022-05-15T19:44:27.295667Z,8594406,0.18900000,376.00000000,sell,2022-05-15 19:44:27.295667+00:00
2022-05-15T19:43:31.729901Z,8594405,0.18840000,3.40000000,buy,2022-05-15 19:43:31.729901+00:00
2022-05-15T19:43:25.553105Z,8594404,0.18880000,399.60000000,sell,2022-05-15 19:43:25.553105+00:00
2022-05-15T19:43:25.553105Z,8594403,0.18880000,350.40000000,sell,2022-05-15 19:43:25.553105+00:00
2022-05-15T19:43:22.424252Z,8594402,0.18840000,1.00000000,buy,2022-05-15 19:43:22.424252+00:00
2022-05-15T19:43:10.86192Z,8594401,0.18830000,372.00000000,sell,2022-05-15 19:43:10.861920+00:00
2022-05-15T19:42:23.612047Z,8594400,0.18790000,320.00000000,sell,2022-05-15 19:42:23.612047+00:00
2022-05-15T19:42:16.058959Z,8594399,0.18770000,323.00000000,sell,2022-05-15 19:42:16.058959+00:00
2022-05-15T19:42:05.867117Z,8594398,0.18770000,315.00000000,buy,2022-05-15 19:42:05.867117+00:00
2022-05-15T19:41:21.966938Z,8594397,0.18830000,370.00000000,sell,2022-05-15 19:41:21.966938+00:00
2022-05-15T19:41:15.396286Z,8594396,0.18810000,329.00000000,sell,2022-05-15 19:41:15.396286+00:00
2022-05-15T19:40:29.561451Z,8594395,0.18790000,356.00000000,sell,2022-05-15 19:40:29.561451+00:00
2022-05-15T19:39:34.983284Z,8594394,0.18770000,339.00000000,sell,2022-05-15 19:39:34.983284+00:00
2022-05-15T19:39:17.865571Z,8594393,0.18750000,293.00000000,sell,2022-05-15 19:39:17.865571+00:00
2022-05-15T19:39:03.765385Z,8594392,0.18730000,325.00000000,sell,2022-05-15 19:39:03.765385+00:00
2022-05-15T19:38:15.42509Z,8594391,0.18730000,0.80000000,buy,2022-05-15 19:38:15.425090+00:00
2022-05-15T19:38:15.15291Z,8594390,0.18730000,6.00000000,buy,2022-05-15 19:38:15.152910+00:00
2022-05-15T19:38:00.05406Z,8594389,0.18710000,98.90000000,buy,2022-05-15 19:38:00.054060+00:00
2022-05-15T19:37:04.6137Z,8594388,0.18720000,353.00000000,sell,2022-05-15 19:37:04.613700+00:00
2022-05-15T19:37:04.6137Z,8594387,0.18720000,300.00000000,sell,2022-05-15 19:37:04.613700+00:00
2022-05-15T19:37:02.64484Z,8594386,0.18750000,1.00000000,sell,2022-05-15 19:37:02.644840+00:00
2022-05-15T19:36:12.414289Z,8594385,0.18700000,325.00000000,sell,2022-05-15 19:36:12.414289+00:00
2022-05-15T19:34:11.892651Z,8594384,0.18660000,313.00000000,sell,2022-05-15 19:34:11.892651+00:00
2022-05-15T19:33:10.217947Z,8594383,0.18670000,324.00000000,buy,2022-05-15 19:33:10.217947+00:00
2022-05-15T19:33:00.85742Z,8594382,0.18710000,366.00000000,buy,2022-05-15 19:33:00.857420+00:00
2022-05-15T19:32:51.760105Z,8594381,0.18730000,304.00000000,sell,2022-05-15 19:32:51.760105+00:00
2022-05-15T19:32:44.712839Z,8594380,0.18700000,3.80000000,buy,2022-05-15 19:32:44.712839+00:00
2022-05-15T19:29:56.343209Z,8594379,0.18540000,6.80000000,buy,2022-05-15 19:29:56.343209+00:00
2022-05-15T19:29:24.327885Z,8594378,0.18570000,0.30000000,buy,2022-05-15 19:29:24.327885+00:00
2022-05-15T19:29:24.250464Z,8594377,0.18570000,282.00000000,buy,2022-05-15 19:29:24.250464+00:00
2022-05-15T19:29:20.518806Z,8594376,0.18570000,500.00000000,sell,2022-05-15 19:29:20.518806+00:00
2022-05-15T19:29:20.518806Z,8594375,0.18570000,280.00000000,sell,2022-05-15 19:29:20.518806+00:00
2022-05-15T19:29:20.490336Z,8594374,0.18550000,279.30000000,sell,2022-05-15 19:29:20.490336+00:00
2022-05-15T19:29:20.490336Z,8594373,0.18550000,500.00000000,sell,2022-05-15 19:29:20.490336+00:00
2022-05-15T19:29:20.490336Z,8594372,0.18550000,308.70000000,sell,2022-05-15 19:29:20.490336+00:00
2022-05-15T19:28:56.773708Z,8594371,0.18500000,220.20000000,buy,2022-05-15 19:28:56.773708+00:00
2022-05-15T19:28:51.662646Z,8594370,0.18520000,292.60000000,buy,2022-05-15 19:28:51.662646+00:00
2022-05-15T19:28:51.661516Z,8594369,0.18520000,3.00000000,buy,2022-05-15 19:28:51.661516+00:00
2022-05-15T19:28:51.321435Z,8594368,0.18540000,287.00000000,buy,2022-05-15 19:28:51.321435+00:00
2022-05-15T19:28:23.491883Z,8594367,0.18580000,305.00000000,buy,2022-05-15 19:28:23.491883+00:00
2022-05-15T19:28:14.705283Z,8594366,0.18610000,1.00000000,sell,2022-05-15 19:28:14.705283+00:00
2022-05-15T19:27:43.112836Z,8594365,0.18590000,112.50000000,buy,2022-05-15 19:27:43.112836+00:00
2022-05-15T19:27:18.283146Z,8594364,0.18610000,304.00000000,sell,2022-05-15 19:27:18.283146+00:00
2022-05-15T19:26:53.025804Z,8594363,0.18600000,64.10000000,sell,2022-05-15 19:26:53.025804+00:00
2022-05-15T19:26:18.74005Z,8594362,0.18610000,64.10000000,sell,2022-05-15 19:26:18.740050+00:00
2022-05-15T19:26:16.039768Z,8594361,0.18570000,4.00000000,buy,2022-05-15 19:26:16.039768+00:00
2022-05-15T19:25:20.817994Z,8594360,0.18570000,3.90000000,buy,2022-05-15 19:25:20.817994+00:00
2022-05-15T19:23:57.110785Z,8594359,0.18580000,310.00000000,sell,2022-05-15 19:23:57.110785+00:00
2022-05-15T19:23:20.062822Z,8594358,0.18510000,3.50000000,buy,2022-05-15 19:23:20.062822+00:00
2022-05-15T19:22:59.334717Z,8594357,0.18560000,280.00000000,buy,2022-05-15 19:22:59.334717+00:00
2022-05-15T19:22:34.266881Z,8594356,0.18580000,279.00000000,buy,2022-05-15 19:22:34.266881+00:00
2022-05-15T19:22:10.580806Z,8594355,0.18620000,315.00000000,buy,2022-05-15 19:22:10.580806+00:00
2022-05-15T19:21:45.733212Z,8594354,0.18650000,202.80000000,sell,2022-05-15 19:21:45.733212+00:00
2022-05-15T19:21:01.206452Z,8594353,0.18640000,4520.70000000,sell,2022-05-15 19:21:01.206452+00:00
2022-05-15T19:21:01.206452Z,8594352,0.18640000,1861.30000000,sell,2022-05-15 19:21:01.206452+00:00
2022-05-15T19:21:01.206452Z,8594351,0.18640000,4548.00000000,sell,2022-05-15 19:21:01.206452+00:00
2022-05-15T19:21:01.206452Z,8594350,0.18640000,280.00000000,sell,2022-05-15 19:21:01.206452+00:00
2022-05-15T19:20:20.831503Z,8594349,0.18620000,292.00000000,sell,2022-05-15 19:20:20.831503+00:00
2022-05-15T19:19:44.22806Z,8594348,0.18610000,7.50000000,sell,2022-05-15 19:19:44.228060+00:00
2022-05-15T19:19:25.203518Z,8594347,0.18570000,3.70000000,buy,2022-05-15 19:19:25.203518+00:00
2022-05-15T19:17:26.990885Z,8594346,0.18590000,280.00000000,sell,2022-05-15 19:17:26.990885+00:00
2022-05-15T19:17:16.246997Z,8594345,0.18550000,298.00000000,sell,2022-05-15 19:17:16.246997+00:00
2022-05-15T19:16:39.336203Z,8594344,0.18490000,52.00000000,buy,2022-05-15 19:16:39.336203+00:00
2022-05-15T19:16:39.336203Z,8594343,0.18500000,2076.40000000,buy,2022-05-15 19:16:39.336203+00:00
2022-05-15T19:16:39.336203Z,8594342,0.18500000,542.40000000,buy,2022-05-15 19:16:39.336203+00:00
2022-05-15T19:16:39.336203Z,8594341,0.18500000,280.00000000,buy,2022-05-15 19:16:39.336203+00:00
2022-05-15T19:16:39.336203Z,8594340,0.18500000,106.90000000,buy,2022-05-15 19:16:39.336203+00:00
2022-05-15T19:16:39.336203Z,8594339,0.18510000,280.00000000,buy,2022-05-15 19:16:39.336203+00:00
2022-05-15T19:16:39.336203Z,8594338,0.18510000,335.90000000,buy,2022-05-15 19:16:39.336203+00:00
2022-05-15T19:14:24.584187Z,8594337,0.18510000,11.00000000,buy,2022-05-15 19:14:24.584187+00:00
2022-05-15T19:14:24.584187Z,8594336,0.18520000,280.00000000,buy,2022-05-15 19:14:24.584187+00:00
2022-05-15T19:14:06.268859Z,8594335,0.18510000,1.00000000,buy,2022-05-15 19:14:06.268859+00:00
2022-05-15T19:13:14.640327Z,8594334,0.18510000,2.00000000,buy,2022-05-15 19:13:14.640327+00:00
2022-05-15T19:11:43.181235Z,8594333,0.18520000,16.00000000,buy,2022-05-15 19:11:43.181235+00:00
2022-05-15T19:11:43.181235Z,8594332,0.18530000,487.80000000,buy,2022-05-15 19:11:43.181235+00:00
2022-05-15T19:11:43.181235Z,8594331,0.18530000,280.00000000,buy,2022-05-15 19:11:43.181235+00:00
2022-05-15T19:11:43.181235Z,8594330,0.18530000,500.00000000,buy,2022-05-15 19:11:43.181235+00:00
2022-05-15T19:11:43.181235Z,8594329,0.18530000,313.00000000,buy,2022-05-15 19:11:43.181235+00:00
2022-05-15T19:10:58.944327Z,8594328,0.18540000,220.20000000,buy,2022-05-15 19:10:58.944327+00:00
2022-05-15T19:10:58.944327Z,8594327,0.18550000,306.40000000,buy,2022-05-15 19:10:58.944327+00:00
2022-05-15T19:09:29.017779Z,8594326,0.18550000,0.60000000,buy,2022-05-15 19:09:29.017779+00:00
2022-05-15T19:09:28.980743Z,8594325,0.18550000,324.00000000,buy,2022-05-15 19:09:28.980743+00:00
2022-05-15T19:09:26.311734Z,8594324,0.18560000,0.50000000,buy,2022-05-15 19:09:26.311734+00:00
2022-05-15T19:09:26.277649Z,8594323,0.18560000,296.00000000,buy,2022-05-15 19:09:26.277649+00:00
2022-05-15T19:09:09.183712Z,8594322,0.18580000,320.00000000,buy,2022-05-15 19:09:09.183712+00:00
2022-05-15T19:08:38.763035Z,8594321,0.18590000,5.00000000,buy,2022-05-15 19:08:38.763035+00:00
2022-05-15T19:08:28.434876Z,8594320,0.18590000,98.70000000,buy,2022-05-15 19:08:28.434876+00:00
2022-05-15T19:08:14.81489Z,8594319,0.18610000,297.00000000,buy,2022-05-15 19:08:14.814890+00:00
2022-05-15T19:07:56.102791Z,8594318,0.18610000,3.20000000,buy,2022-05-15 19:07:56.102791+00:00
2022-05-15T19:07:14.682208Z,8594317,0.18640000,317.00000000,sell,2022-05-15 19:07:14.682208+00:00
2022-05-15T19:06:05.732542Z,8594316,0.18610000,0.80000000,sell,2022-05-15 19:06:05.732542+00:00
2022-05-15T19:05:59.881208Z,8594315,0.18610000,2.00000000,sell,2022-05-15 19:05:59.881208+00:00
2022-05-15T19:04:36.06746Z,8594314,0.18610000,4799.00000000,sell,2022-05-15 19:04:36.067460+00:00
2022-05-15T19:04:36.06746Z,8594313,0.18610000,280.00000000,sell,2022-05-15 19:04:36.067460+00:00
2022-05-15T19:04:25.371839Z,8594312,0.18600000,400.00000000,sell,2022-05-15 19:04:25.371839+00:00
2022-05-15T19:04:25.371839Z,8594311,0.18600000,280.00000000,sell,2022-05-15 19:04:25.371839+00:00
2022-05-15T19:03:46.922899Z,8594310,0.18580000,344.00000000,buy,2022-05-15 19:03:46.922899+00:00
2022-05-15T19:01:06.227922Z,8594309,0.18580000,1.00000000,buy,2022-05-15 19:01:06.227922+00:00
2022-05-15T19:00:47.574995Z,8594308,0.18610000,346.00000000,buy,2022-05-15 19:00:47.574995+00:00
2022-05-15T19:00:47.531913Z,8594307,0.18630000,0.80000000,buy,2022-05-15 19:00:47.531913+00:00
2022-05-15T19:00:43.438805Z,8594306,0.18630000,5.00000000,buy,2022-05-15 19:00:43.438805+00:00
2022-05-15T19:00:29.246758Z,8594305,0.18630000,335.00000000,buy,2022-05-15 19:00:29.246758+00:00
2022-05-15T18:59:55.14133Z,8594304,0.18670000,0.10000000,buy,2022-05-15 18:59:55.141330+00:00
2022-05-15T18:59:55.113856Z,8594303,0.18670000,1602.00000000,buy,2022-05-15 18:59:55.113856+00:00
2022-05-15T18:59:51.170668Z,8594302,0.18670000,3.00000000,buy,2022-05-15 18:59:51.170668+00:00
2022-05-15T18:59:10.201933Z,8594301,0.18670000,97.50000000,sell,2022-05-15 18:59:10.201933+00:00
2022-05-15T18:58:50.012447Z,8594300,0.18660000,311.00000000,buy,2022-05-15 18:58:50.012447+00:00
2022-05-15T18:58:36.458996Z,8594299,0.18680000,297.00000000,buy,2022-05-15 18:58:36.458996+00:00
2022-05-15T18:57:13.711287Z,8594298,0.18610000,175.00000000,buy,2022-05-15 18:57:13.711287+00:00
2022-05-15T18:57:13.612718Z,8594297,0.18640000,0.10000000,buy,2022-05-15 18:57:13.612718+00:00
2022-05-15T18:57:13.543897Z,8594296,0.18640000,329.00000000,buy,2022-05-15 18:57:13.543897+00:00
2022-05-15T18:56:27.867137Z,8594295,0.18680000,300.00000000,buy,2022-05-15 18:56:27.867137+00:00
2022-05-15T18:54:38.985695Z,8594294,0.18720000,9.90000000,sell,2022-05-15 18:54:38.985695+00:00
2022-05-15T18:54:38.336871Z,8594293,0.18700000,1746.70000000,buy,2022-05-15 18:54:38.336871+00:00
2022-05-15T18:53:27.066129Z,8594292,0.18690000,361.80000000,buy,2022-05-15 18:53:27.066129+00:00
2022-05-15T18:51:22.567837Z,8594291,0.18680000,0.40000000,buy,2022-05-15 18:51:22.567837+00:00
2022-05-15T18:51:22.448429Z,8594290,0.18680000,314.00000000,buy,2022-05-15 18:51:22.448429+00:00
2022-05-15T18:51:14.463539Z,8594289,0.18680000,4.50000000,buy,2022-05-15 18:51:14.463539+00:00
2022-05-15T18:51:13.992337Z,8594288,0.18690000,0.60000000,buy,2022-05-15 18:51:13.992337+00:00
2022-05-15T18:51:13.851732Z,8594287,0.18690000,306.00000000,buy,2022-05-15 18:51:13.851732+00:00
2022-05-15T18:50:37.561032Z,8594286,0.18660000,3.20000000,buy,2022-05-15 18:50:37.561032+00:00
2022-05-15T18:49:55.095003Z,8594285,0.18680000,2008.30000000,buy,2022-05-15 18:49:55.095003+00:00
2022-05-15T18:49:49.141223Z,8594284,0.18700000,320.00000000,buy,2022-05-15 18:49:49.141223+00:00
2022-05-15T18:49:44.133552Z,8594283,0.18720000,298.00000000,buy,2022-05-15 18:49:44.133552+00:00
2022-05-15T18:49:37.374244Z,8594282,0.18750000,47.70000000,sell,2022-05-15 18:49:37.374244+00:00
2022-05-15T18:49:32.138782Z,8594281,0.18750000,277.00000000,buy,2022-05-15 18:49:32.138782+00:00
2022-05-15T18:49:31.175306Z,8594280,0.18770000,265.00000000,buy,2022-05-15 18:49:31.175306+00:00
2022-05-15T18:49:20.829928Z,8594279,0.18800000,47.70000000,sell,2022-05-15 18:49:20.829928+00:00
2022-05-15T18:47:33.838331Z,8594278,0.18810000,724.00000000,sell,2022-05-15 18:47:33.838331+00:00
2022-05-15T18:47:33.838331Z,8594277,0.18810000,280.00000000,sell,2022-05-15 18:47:33.838331+00:00
2022-05-15T18:47:05.420789Z,8594276,0.18770000,22.00000000,buy,2022-05-15 18:47:05.420789+00:00
2022-05-15T18:46:50.08679Z,8594275,0.18770000,1.00000000,buy,2022-05-15 18:46:50.086790+00:00
2022-05-15T18:46:44.471872Z,8594274,0.18770000,3.60000000,buy,2022-05-15 18:46:44.471872+00:00
2022-05-15T18:46:05.596215Z,8594273,0.18790000,317.00000000,buy,2022-05-15 18:46:05.596215+00:00
2022-05-15T18:45:59.065851Z,8594272,0.18790000,6.40000000,sell,2022-05-15 18:45:59.065851+00:00
2022-05-15T18:45:24.179568Z,8594271,0.18790000,271.00000000,buy,2022-05-15 18:45:24.179568+00:00
2022-05-15T18:45:23.580893Z,8594270,0.18830000,0.10000000,buy,2022-05-15 18:45:23.580893+00:00
2022-05-15T18:45:08.128235Z,8594269,0.18830000,530.00000000,buy,2022-05-15 18:45:08.128235+00:00
2022-05-15T18:44:51.929157Z,8594268,0.18870000,309.00000000,sell,2022-05-15 18:44:51.929157+00:00
2022-05-15T18:44:17.136831Z,8594267,0.18850000,307.00000000,sell,2022-05-15 18:44:17.136831+00:00
2022-05-15T18:43:52.341659Z,8594266,0.18830000,336.00000000,buy,2022-05-15 18:43:52.341659+00:00
2022-05-15T18:43:25.885186Z,8594265,0.18850000,4710.00000000,sell,2022-05-15 18:43:25.885186+00:00
2022-05-15T18:43:22.160561Z,8594264,0.18840000,306.00000000,buy,2022-05-15 18:43:22.160561+00:00
2022-05-15T18:43:17.09704Z,8594263,0.18830000,280.30000000,sell,2022-05-15 18:43:17.097040+00:00
2022-05-15T18:43:09.318912Z,8594262,0.18810000,302.00000000,sell,2022-05-15 18:43:09.318912+00:00
2022-05-15T18:42:57.437888Z,8594261,0.18810000,299.00000000,buy,2022-05-15 18:42:57.437888+00:00
2022-05-15T18:42:37.402873Z,8594260,0.18870000,2264.00000000,buy,2022-05-15 18:42:37.402873+00:00
2022-05-15T18:42:33.222942Z,8594259,0.18880000,358.00000000,sell,2022-05-15 18:42:33.222942+00:00
2022-05-15T18:42:32.195396Z,8594258,0.18850000,64.20000000,buy,2022-05-15 18:42:32.195396+00:00
2022-05-15T18:42:17.505876Z,8594257,0.18850000,319.00000000,buy,2022-05-15 18:42:17.505876+00:00
2022-05-15T18:42:09.572593Z,8594256,0.18920000,0.50000000,buy,2022-05-15 18:42:09.572593+00:00
2022-05-15T18:42:06.325946Z,8594255,0.18920000,2.00000000,buy,2022-05-15 18:42:06.325946+00:00
2022-05-15T18:41:55.577924Z,8594254,0.18920000,392.00000000,buy,2022-05-15 18:41:55.577924+00:00
2022-05-15T18:41:49.712489Z,8594253,0.18940000,413.00000000,sell,2022-05-15 18:41:49.712489+00:00
2022-05-15T18:41:46.836283Z,8594252,0.18890000,354.00000000,sell,2022-05-15 18:41:46.836283+00:00
2022-05-15T18:41:44.669998Z,8594251,0.18880000,334.00000000,sell,2022-05-15 18:41:44.669998+00:00
2022-05-15T18:41:43.648353Z,8594250,0.18850000,4149.20000000,sell,2022-05-15 18:41:43.648353+00:00
2022-05-15T18:41:43.648289Z,8594249,0.18850000,7770.60000000,sell,2022-05-15 18:41:43.648289+00:00
2022-05-15T18:41:34.95132Z,8594248,0.18840000,335.00000000,buy,2022-05-15 18:41:34.951320+00:00
2022-05-15T18:41:26.805234Z,8594247,0.18870000,358.00000000,sell,2022-05-15 18:41:26.805234+00:00
2022-05-15T18:41:05.74109Z,8594246,0.18850000,341.00000000,sell,2022-05-15 18:41:05.741090+00:00
2022-05-15T18:40:02.514021Z,8594245,0.18750000,1.00000000,buy,2022-05-15 18:40:02.514021+00:00
2022-05-15T18:38:55.469356Z,8594244,0.18760000,3.60000000,buy,2022-05-15 18:38:55.469356+00:00
2022-05-15T18:36:14.266694Z,8594243,0.18780000,4.00000000,buy,2022-05-15 18:36:14.266694+00:00
2022-05-15T18:35:19.206604Z,8594242,0.18800000,307.00000000,sell,2022-05-15 18:35:19.206604+00:00
2022-05-15T18:35:16.355103Z,8594241,0.18800000,5.30000000,sell,2022-05-15 18:35:16.355103+00:00
2022-05-15T18:35:05.081115Z,8594240,0.18750000,3.90000000,buy,2022-05-15 18:35:05.081115+00:00
2022-05-15T18:34:39.517762Z,8594239,0.18760000,287.00000000,sell,2022-05-15 18:34:39.517762+00:00
2022-05-15T18:33:00.821676Z,8594238,0.18700000,485.00000000,buy,2022-05-15 18:33:00.821676+00:00
2022-05-15T18:31:08.42314Z,8594237,0.18660000,507.20000000,buy,2022-05-15 18:31:08.423140+00:00
2022-05-15T18:31:08.42314Z,8594236,0.18660000,279.40000000,buy,2022-05-15 18:31:08.423140+00:00
2022-05-15T18:30:39.96735Z,8594235,0.18630000,17.40000000,buy,2022-05-15 18:30:39.967350+00:00
2022-05-15T18:30:15.646609Z,8594234,0.18630000,152.40000000,buy,2022-05-15 18:30:15.646609+00:00
2022-05-15T18:30:09.608675Z,8594233,0.18620000,1.00000000,buy,2022-05-15 18:30:09.608675+00:00
2022-05-15T18:29:50.07838Z,8594232,0.18670000,2.80000000,sell,2022-05-15 18:29:50.078380+00:00
2022-05-15T18:29:25.170249Z,8594231,0.18690000,2.50000000,sell,2022-05-15 18:29:25.170249+00:00
2022-05-15T18:29:22.140842Z,8594230,0.18680000,284.00000000,buy,2022-05-15 18:29:22.140842+00:00
2022-05-15T18:28:40.968855Z,8594229,0.18720000,2.40000000,sell,2022-05-15 18:28:40.968855+00:00
2022-05-15T18:28:05.903801Z,8594228,0.18710000,304.00000000,sell,2022-05-15 18:28:05.903801+00:00
2022-05-15T18:28:03.567607Z,8594227,0.18710000,1.70000000,sell,2022-05-15 18:28:03.567607+00:00
2022-05-15T18:27:38.894842Z,8594226,0.18710000,1.60000000,sell,2022-05-15 18:27:38.894842+00:00
2022-05-15T18:26:51.777902Z,8594225,0.18690000,1.20000000,sell,2022-05-15 18:26:51.777902+00:00
2022-05-15T18:26:15.744318Z,8594224,0.18710000,1.50000000,sell,2022-05-15 18:26:15.744318+00:00
2022-05-15T18:25:22.947912Z,8594223,0.18670000,8041.20000000,sell,2022-05-15 18:25:22.947912+00:00
2022-05-15T18:25:22.947661Z,8594222,0.18670000,4958.80000000,sell,2022-05-15 18:25:22.947661+00:00
2022-05-15T18:23:44.888512Z,8594221,0.18670000,305.00000000,buy,2022-05-15 18:23:44.888512+00:00
2022-05-15T18:23:05.759904Z,8594220,0.18700000,277.00000000,buy,2022-05-15 18:23:05.759904+00:00
2022-05-15T18:22:56.968425Z,8594219,0.18710000,168.00000000,buy,2022-05-15 18:22:56.968425+00:00
2022-05-15T18:21:26.143668Z,8594218,0.18720000,3.60000000,buy,2022-05-15 18:21:26.143668+00:00
2022-05-15T18:21:19.35591Z,8594217,0.18730000,1.00000000,buy,2022-05-15 18:21:19.355910+00:00
2022-05-15T18:21:04.198153Z,8594216,0.18740000,91.90000000,buy,2022-05-15 18:21:04.198153+00:00
2022-05-15T18:21:04.198153Z,8594215,0.18740000,280.00000000,buy,2022-05-15 18:21:04.198153+00:00
2022-05-15T18:19:24.573775Z,8594214,0.18790000,293.50000000,sell,2022-05-15 18:19:24.573775+00:00
2022-05-15T18:19:22.731186Z,8594213,0.18780000,132.80000000,sell,2022-05-15 18:19:22.731186+00:00
2022-05-15T18:19:21.286815Z,8594212,0.18760000,13000.00000000,sell,2022-05-15 18:19:21.286815+00:00
2022-05-15T18:19:21.251249Z,8594211,0.18750000,280.00000000,sell,2022-05-15 18:19:21.251249+00:00
2022-05-15T18:19:21.25113Z,8594210,0.18740000,2000.00000000,sell,2022-05-15 18:19:21.251130+00:00
2022-05-15T18:19:21.25113Z,8594209,0.18730000,0.20000000,sell,2022-05-15 18:19:21.251130+00:00
2022-05-15T18:19:21.24729Z,8594208,0.18730000,291.00000000,sell,2022-05-15 18:19:21.247290+00:00
2022-05-15T18:19:04.83024Z,8594207,0.18760000,14.80000000,sell,2022-05-15 18:19:04.830240+00:00
2022-05-15T18:18:50.787888Z,8594206,0.18740000,57.90000000,buy,2022-05-15 18:18:50.787888+00:00
2022-05-15T18:18:38.351905Z,8594205,0.18740000,3.80000000,buy,2022-05-15 18:18:38.351905+00:00
2022-05-15T18:18:24.305091Z,8594204,0.18760000,2000.00000000,sell,2022-05-15 18:18:24.305091+00:00
2022-05-15T18:18:24.163296Z,8594203,0.18750000,286.00000000,sell,2022-05-15 18:18:24.163296+00:00
2022-05-15T18:17:59.800255Z,8594202,0.18750000,264.20000000,sell,2022-05-15 18:17:59.800255+00:00
2022-05-15T18:16:38.124409Z,8594201,0.18730000,314.00000000,sell,2022-05-15 18:16:38.124409+00:00
2022-05-15T18:16:28.15456Z,8594200,0.18710000,286.00000000,sell,2022-05-15 18:16:28.154560+00:00
2022-05-15T18:15:38.214974Z,8594199,0.18660000,215.10000000,buy,2022-05-15 18:15:38.214974+00:00
2022-05-15T18:15:38.214974Z,8594198,0.18680000,64.20000000,buy,2022-05-15 18:15:38.214974+00:00
2022-05-15T18:15:15.140521Z,8594197,0.18680000,282.00000000,sell,2022-05-15 18:15:15.140521+00:00
2022-05-15T18:13:53.599872Z,8594196,0.18630000,282.00000000,sell,2022-05-15 18:13:53.599872+00:00
2022-05-15T18:13:35.702468Z,8594195,0.18620000,296.00000000,sell,2022-05-15 18:13:35.702468+00:00
2022-05-15T18:13:18.114445Z,8594194,0.18620000,1.00000000,sell,2022-05-15 18:13:18.114445+00:00
2022-05-15T18:11:06.332064Z,8594193,0.18650000,296.00000000,sell,2022-05-15 18:11:06.332064+00:00
2022-05-15T18:10:37.236491Z,8594192,0.18620000,313.00000000,sell,2022-05-15 18:10:37.236491+00:00
2022-05-15T18:09:53.421651Z,8594191,0.18560000,431.00000000,sell,2022-05-15 18:09:53.421651+00:00
2022-05-15T18:09:14.993658Z,8594190,0.18580000,359.00000000,buy,2022-05-15 18:09:14.993658+00:00
2022-05-15T18:08:55.740066Z,8594189,0.18620000,400.00000000,sell,2022-05-15 18:08:55.740066+00:00
2022-05-15T18:08:50.917839Z,8594188,0.18640000,300.00000000,buy,2022-05-15 18:08:50.917839+00:00
2022-05-15T18:07:33.833355Z,8594187,0.18690000,1.00000000,sell,2022-05-15 18:07:33.833355+00:00
2022-05-15T18:07:30.239917Z,8594186,0.18690000,97.00000000,sell,2022-05-15 18:07:30.239917+00:00
2022-05-15T18:07:14.284812Z,8594185,0.18680000,307.00000000,buy,2022-05-15 18:07:14.284812+00:00
2022-05-15T18:05:17.636371Z,8594184,0.18720000,1.00000000,sell,2022-05-15 18:05:17.636371+00:00
2022-05-15T18:05:07.090098Z,8594183,0.18710000,286.00000000,sell,2022-05-15 18:05:07.090098+00:00
2022-05-15T18:04:13.308723Z,8594182,0.18690000,3689.70000000,sell,2022-05-15 18:04:13.308723+00:00
2022-05-15T18:04:13.21096Z,8594181,0.18690000,2000.00000000,sell,2022-05-15 18:04:13.210960+00:00
2022-05-15T18:04:13.125882Z,8594180,0.18690000,2000.00000000,sell,2022-05-15 18:04:13.125882+00:00
2022-05-15T18:04:12.932949Z,8594179,0.18690000,5310.30000000,sell,2022-05-15 18:04:12.932949+00:00
2022-05-15T18:04:12.932949Z,8594178,0.18690000,307.70000000,sell,2022-05-15 18:04:12.932949+00:00
2022-05-15T18:03:56.085015Z,8594177,0.18670000,303.00000000,sell,2022-05-15 18:03:56.085015+00:00
2022-05-15T18:03:41.516782Z,8594176,0.18670000,98.70000000,sell,2022-05-15 18:03:41.516782+00:00
2022-05-15T18:03:10.778939Z,8594175,0.18640000,201.00000000,buy,2022-05-15 18:03:10.778939+00:00
2022-05-15T18:02:50.951359Z,8594174,0.18640000,3.70000000,buy,2022-05-15 18:02:50.951359+00:00
2022-05-15T18:02:40.314778Z,8594173,0.18660000,98.60000000,sell,2022-05-15 18:02:40.314778+00:00
2022-05-15T18:02:05.233213Z,8594172,0.18680000,324.00000000,buy,2022-05-15 18:02:05.233213+00:00
2022-05-15T18:01:27.117677Z,8594171,0.18700000,280.00000000,buy,2022-05-15 18:01:27.117677+00:00
2022-05-15T18:01:27.117677Z,8594170,0.18700000,2926.30000000,buy,2022-05-15 18:01:27.117677+00:00
2022-05-15T18:01:27.117677Z,8594169,0.18700000,12156.30000000,buy,2022-05-15 18:01:27.117677+00:00
2022-05-15T18:01:27.105647Z,8594168,0.18700000,843.70000000,buy,2022-05-15 18:01:27.105647+00:00
2022-05-15T18:01:27.105634Z,8594167,0.18710000,289.40000000,buy,2022-05-15 18:01:27.105634+00:00
2022-05-15T18:01:27.101766Z,8594166,0.18710000,280.00000000,buy,2022-05-15 18:01:27.101766+00:00
2022-05-15T18:01:27.078328Z,8594165,0.18720000,280.00000000,buy,2022-05-15 18:01:27.078328+00:00
2022-05-15T18:01:27.067019Z,8594164,0.18730000,280.00000000,buy,2022-05-15 18:01:27.067019+00:00
2022-05-15T18:01:27.038574Z,8594163,0.18730000,280.00000000,buy,2022-05-15 18:01:27.038574+00:00
2022-05-15T18:01:27.015455Z,8594162,0.18750000,503.70000000,buy,2022-05-15 18:01:27.015455+00:00
2022-05-15T17:59:00.580523Z,8594161,0.18730000,652.00000000,buy,2022-05-15 17:59:00.580523+00:00
2022-05-15T17:59:00.424789Z,8594160,0.18730000,3.60000000,buy,2022-05-15 17:59:00.424789+00:00
2022-05-15T17:58:30.329298Z,8594159,0.18750000,3.70000000,buy,2022-05-15 17:58:30.329298+00:00
2022-05-15T17:58:05.857117Z,8594158,0.18770000,1999.90000000,sell,2022-05-15 17:58:05.857117+00:00
2022-05-15T17:57:59.812165Z,8594157,0.18730000,16.70000000,buy,2022-05-15 17:57:59.812165+00:00
2022-05-15T17:57:47.820677Z,8594156,0.18730000,3.50000000,buy,2022-05-15 17:57:47.820677+00:00
2022-05-15T17:55:54.674725Z,8594155,0.18750000,0.10000000,sell,2022-05-15 17:55:54.674725+00:00
2022-05-15T17:55:54.672193Z,8594154,0.18750000,1999.90000000,sell,2022-05-15 17:55:54.672193+00:00
2022-05-15T17:55:49.601693Z,8594153,0.18740000,327.00000000,sell,2022-05-15 17:55:49.601693+00:00
2022-05-15T17:55:48.348007Z,8594152,0.18710000,304.00000000,sell,2022-05-15 17:55:48.348007+00:00
2022-05-15T17:55:45.060875Z,8594151,0.18700000,297.30000000,sell,2022-05-15 17:55:45.060875+00:00
2022-05-15T17:55:08.139864Z,8594150,0.18770000,1.00000000,sell,2022-05-15 17:55:08.139864+00:00
2022-05-15T17:53:01.274642Z,8594149,0.18790000,330.00000000,buy,2022-05-15 17:53:01.274642+00:00
2022-05-15T17:53:01.161163Z,8594148,0.18790000,3.90000000,buy,2022-05-15 17:53:01.161163+00:00
2022-05-15T17:51:16.131767Z,8594147,0.18850000,2.30000000,sell,2022-05-15 17:51:16.131767+00:00
2022-05-15T17:51:11.208192Z,8594146,0.18820000,1.00000000,buy,2022-05-15 17:51:11.208192+00:00
2022-05-15T17:51:11.17742Z,8594145,0.18840000,2000.00000000,sell,2022-05-15 17:51:11.177420+00:00
2022-05-15T17:50:56.758307Z,8594144,0.18830000,3.30000000,buy,2022-05-15 17:50:56.758307+00:00
2022-05-15T17:50:10.679079Z,8594143,0.18830000,3.00000000,buy,2022-05-15 17:50:10.679079+00:00
2022-05-15T17:50:00.107913Z,8594142,0.18850000,2912.00000000,buy,2022-05-15 17:50:00.107913+00:00
2022-05-15T17:49:55.938944Z,8594141,0.18890000,0.10000000,buy,2022-05-15 17:49:55.938944+00:00
2022-05-15T17:49:54.446226Z,8594140,0.18890000,1.00000000,buy,2022-05-15 17:49:54.446226+00:00
2022-05-15T17:49:36.246947Z,8594139,0.18900000,284.00000000,sell,2022-05-15 17:49:36.246947+00:00
2022-05-15T17:49:05.229038Z,8594138,0.18890000,97.40000000,buy,2022-05-15 17:49:05.229038+00:00
2022-05-15T17:47:28.726512Z,8594137,0.18870000,4.10000000,buy,2022-05-15 17:47:28.726512+00:00
2022-05-15T17:46:05.11998Z,8594136,0.18880000,64.00000000,buy,2022-05-15 17:46:05.119980+00:00
2022-05-15T17:45:59.707009Z,8594135,0.18880000,3.10000000,buy,2022-05-15 17:45:59.707009+00:00
2022-05-15T17:45:44.91879Z,8594134,0.18880000,3.60000000,buy,2022-05-15 17:45:44.918790+00:00
2022-05-15T17:45:33.59172Z,8594133,0.18900000,287.00000000,sell,2022-05-15 17:45:33.591720+00:00
2022-05-15T17:44:10.658324Z,8594132,0.18900000,331.00000000,sell,2022-05-15 17:44:10.658324+00:00
2022-05-15T17:44:10.549576Z,8594131,0.18890000,2000.00000000,sell,2022-05-15 17:44:10.549576+00:00
2022-05-15T17:43:31.201775Z,8594130,0.18880000,325.00000000,sell,2022-05-15 17:43:31.201775+00:00
2022-05-15T17:43:27.631309Z,8594129,0.18870000,1.00000000,buy,2022-05-15 17:43:27.631309+00:00
2022-05-15T17:42:54.15676Z,8594128,0.18920000,0.20000000,buy,2022-05-15 17:42:54.156760+00:00
2022-05-15T17:42:46.406419Z,8594127,0.18920000,3.00000000,buy,2022-05-15 17:42:46.406419+00:00
2022-05-15T17:42:30.423108Z,8594126,0.18910000,2.60000000,buy,2022-05-15 17:42:30.423108+00:00
2022-05-15T17:41:47.108055Z,8594125,0.18920000,292.00000000,sell,2022-05-15 17:41:47.108055+00:00
2022-05-15T17:40:05.975276Z,8594124,0.18940000,1999.60000000,sell,2022-05-15 17:40:05.975276+00:00
2022-05-15T17:40:05.975276Z,8594123,0.18940000,306.40000000,sell,2022-05-15 17:40:05.975276+00:00
2022-05-15T17:39:38.792567Z,8594122,0.18890000,1.00000000,buy,2022-05-15 17:39:38.792567+00:00
2022-05-15T17:38:35.540848Z,8594121,0.18910000,328.00000000,buy,2022-05-15 17:38:35.540848+00:00
2022-05-15T17:38:27.446624Z,8594120,0.18910000,3.80000000,buy,2022-05-15 17:38:27.446624+00:00
2022-05-15T17:37:53.454907Z,8594119,0.18920000,0.40000000,sell,2022-05-15 17:37:53.454907+00:00
2022-05-15T17:37:53.42928Z,8594118,0.18920000,333.00000000,sell,2022-05-15 17:37:53.429280+00:00
2022-05-15T17:37:50.212023Z,8594117,0.18910000,320.40000000,sell,2022-05-15 17:37:50.212023+00:00
2022-05-15T17:37:49.389795Z,8594116,0.18930000,319.00000000,buy,2022-05-15 17:37:49.389795+00:00
2022-05-15T17:36:39.550866Z,8594115,0.18990000,87.80000000,sell,2022-05-15 17:36:39.550866+00:00
2022-05-15T17:36:28.609688Z,8594114,0.18940000,220.90000000,buy,2022-05-15 17:36:28.609688+00:00
2022-05-15T17:36:28.609688Z,8594113,0.18950000,280.00000000,buy,2022-05-15 17:36:28.609688+00:00
2022-05-15T17:36:28.609688Z,8594112,0.19020000,0.90000000,buy,2022-05-15 17:36:28.609688+00:00
2022-05-15T17:36:28.60236Z,8594111,0.19020000,221.00000000,buy,2022-05-15 17:36:28.602360+00:00
2022-05-15T17:36:28.587868Z,8594110,0.19020000,280.00000000,buy,2022-05-15 17:36:28.587868+00:00
2022-05-15T17:36:28.215194Z,8594109,0.19010000,280.00000000,sell,2022-05-15 17:36:28.215194+00:00
2022-05-15T17:36:28.199883Z,8594108,0.19020000,280.00000000,sell,2022-05-15 17:36:28.199883+00:00
2022-05-15T17:36:28.199883Z,8594107,0.19020000,0.40000000,sell,2022-05-15 17:36:28.199883+00:00
2022-05-15T17:36:28.1853Z,8594106,0.19020000,1450.00000000,sell,2022-05-15 17:36:28.185300+00:00
2022-05-15T17:36:28.1853Z,8594105,0.19010000,280.00000000,sell,2022-05-15 17:36:28.185300+00:00
2022-05-15T17:36:28.037414Z,8594104,0.19010000,1351.00000000,sell,2022-05-15 17:36:28.037414+00:00
2022-05-15T17:36:28.021935Z,8594103,0.19010000,280.00000000,sell,2022-05-15 17:36:28.021935+00:00
2022-05-15T17:36:28.002134Z,8594102,0.18990000,1096.00000000,sell,2022-05-15 17:36:28.002134+00:00
2022-05-15T17:36:27.983774Z,8594101,0.18990000,738.70000000,sell,2022-05-15 17:36:27.983774+00:00
2022-05-15T17:36:27.983774Z,8594100,0.18990000,400.00000000,sell,2022-05-15 17:36:27.983774+00:00
2022-05-15T17:36:27.956099Z,8594099,0.19230000,3611.10000000,sell,2022-05-15 17:36:27.956099+00:00
2022-05-15T17:36:27.956099Z,8594098,0.19220000,4494.50000000,sell,2022-05-15 17:36:27.956099+00:00
2022-05-15T17:36:27.956099Z,8594097,0.19190000,2999.00000000,sell,2022-05-15 17:36:27.956099+00:00
2022-05-15T17:36:27.956099Z,8594096,0.19170000,2707.10000000,sell,2022-05-15 17:36:27.956099+00:00
2022-05-15T17:36:27.956099Z,8594095,0.19160000,4570.30000000,sell,2022-05-15 17:36:27.956099+00:00
2022-05-15T17:36:27.956099Z,8594094,0.19030000,300.00000000,sell,2022-05-15 17:36:27.956099+00:00
2022-05-15T17:36:27.956099Z,8594093,0.19020000,13000.00000000,sell,2022-05-15 17:36:27.956099+00:00
2022-05-15T17:36:27.956099Z,8594092,0.19000000,800.00000000,sell,2022-05-15 17:36:27.956099+00:00
2022-05-15T17:36:27.956099Z,8594091,0.19000000,543.80000000,sell,2022-05-15 17:36:27.956099+00:00
2022-05-15T17:36:27.956099Z,8594090,0.18990000,568.40000000,sell,2022-05-15 17:36:27.956099+00:00
2022-05-15T17:36:27.956099Z,8594089,0.18980000,548.30000000,sell,2022-05-15 17:36:27.956099+00:00
2022-05-15T17:36:27.956099Z,8594088,0.18980000,400.00000000,sell,2022-05-15 17:36:27.956099+00:00
2022-05-15T17:36:27.956099Z,8594087,0.18970000,4405.10000000,sell,2022-05-15 17:36:27.956099+00:00
2022-05-15T17:36:27.956099Z,8594086,0.18970000,496.60000000,sell,2022-05-15 17:36:27.956099+00:00
2022-05-15T17:36:27.956099Z,8594085,0.18960000,2064.90000000,sell,2022-05-15 17:36:27.956099+00:00
2022-05-15T17:36:27.956099Z,8594084,0.18950000,2000.00000000,sell,2022-05-15 17:36:27.956099+00:00
2022-05-15T17:36:27.956099Z,8594083,0.18950000,280.50000000,sell,2022-05-15 17:36:27.956099+00:00
2022-05-15T17:36:10.996748Z,8594082,0.18970000,499.20000000,sell,2022-05-15 17:36:10.996748+00:00
2022-05-15T17:36:10.996748Z,8594081,0.18970000,279.90000000,sell,2022-05-15 17:36:10.996748+00:00
2022-05-15T17:36:10.996748Z,8594080,0.18970000,1978.90000000,sell,2022-05-15 17:36:10.996748+00:00
2022-05-15T17:36:09.507585Z,8594079,0.18970000,21.10000000,sell,2022-05-15 17:36:09.507585+00:00
2022-05-15T17:36:07.339982Z,8594078,0.18950000,315.00000000,sell,2022-05-15 17:36:07.339982+00:00
2022-05-15T17:36:06.230484Z,8594077,0.18930000,316.00000000,sell,2022-05-15 17:36:06.230484+00:00
2022-05-15T17:36:05.869677Z,8594076,0.18930000,297.00000000,sell,2022-05-15 17:36:05.869677+00:00
2022-05-15T17:36:01.823764Z,8594075,0.19000000,47.50000000,sell,2022-05-15 17:36:01.823764+00:00
2022-05-15T17:35:59.220562Z,8594074,0.19020000,90.00000000,buy,2022-05-15 17:35:59.220562+00:00
2022-05-15T17:35:59.220562Z,8594073,0.19020000,300.00000000,buy,2022-05-15 17:35:59.220562+00:00
2022-05-15T17:35:59.220562Z,8594072,0.19030000,400.00000000,buy,2022-05-15 17:35:59.220562+00:00
2022-05-15T17:35:59.091791Z,8594071,0.19050000,101.00000000,buy,2022-05-15 17:35:59.091791+00:00
2022-05-15T17:35:58.978811Z,8594070,0.19050000,280.00000000,buy,2022-05-15 17:35:58.978811+00:00
2022-05-15T17:35:58.97877Z,8594069,0.19060000,280.00000000,sell,2022-05-15 17:35:58.978770+00:00
2022-05-15T17:35:58.329601Z,8594068,0.19050000,13000.00000000,sell,2022-05-15 17:35:58.329601+00:00
2022-05-15T17:35:58.279053Z,8594067,0.19130000,140.00000000,buy,2022-05-15 17:35:58.279053+00:00
2022-05-15T17:35:58.256647Z,8594066,0.19130000,160.00000000,buy,2022-05-15 17:35:58.256647+00:00
2022-05-15T17:35:58.256647Z,8594065,0.19150000,120.00000000,buy,2022-05-15 17:35:58.256647+00:00
2022-05-15T17:35:58.240425Z,8594064,0.19150000,280.00000000,buy,2022-05-15 17:35:58.240425+00:00
2022-05-15T17:35:58.212992Z,8594063,0.19170000,538.80000000,buy,2022-05-15 17:35:58.212992+00:00
2022-05-15T17:35:57.847407Z,8594062,0.18950000,266.00000000,sell,2022-05-15 17:35:57.847407+00:00
2022-05-15T17:35:57.839976Z,8594061,0.18950000,280.00000000,sell,2022-05-15 17:35:57.839976+00:00
2022-05-15T17:35:57.827747Z,8594060,0.18950000,280.00000000,sell,2022-05-15 17:35:57.827747+00:00
2022-05-15T17:35:57.80781Z,8594059,0.18870000,280.00000000,buy,2022-05-15 17:35:57.807810+00:00
2022-05-15T17:35:57.80781Z,8594058,0.18870000,479.50000000,buy,2022-05-15 17:35:57.807810+00:00
2022-05-15T17:35:57.80781Z,8594057,0.18890000,280.00000000,buy,2022-05-15 17:35:57.807810+00:00
2022-05-15T17:35:57.80781Z,8594056,0.18890000,300.00000000,buy,2022-05-15 17:35:57.807810+00:00
2022-05-15T17:35:57.80416Z,8594055,0.18890000,280.00000000,buy,2022-05-15 17:35:57.804160+00:00
2022-05-15T17:35:57.789449Z,8594054,0.18870000,1130.50000000,buy,2022-05-15 17:35:57.789449+00:00
2022-05-15T17:35:57.789449Z,8594053,0.18870000,530.80000000,buy,2022-05-15 17:35:57.789449+00:00
2022-05-15T17:35:57.789449Z,8594052,0.18870000,400.00000000,buy,2022-05-15 17:35:57.789449+00:00
2022-05-15T17:35:57.789449Z,8594051,0.18870000,2900.00000000,buy,2022-05-15 17:35:57.789449+00:00
2022-05-15T17:35:57.789449Z,8594050,0.18880000,478.70000000,buy,2022-05-15 17:35:57.789449+00:00
2022-05-15T17:35:57.774265Z,8594049,0.18880000,208.00000000,buy,2022-05-15 17:35:57.774265+00:00
2022-05-15T17:35:57.774265Z,8594048,0.18880000,400.00000000,buy,2022-05-15 17:35:57.774265+00:00
2022-05-15T17:35:57.774265Z,8594047,0.18880000,280.00000000,buy,2022-05-15 17:35:57.774265+00:00
2022-05-15T17:35:57.770083Z,8594046,0.18880000,3085.00000000,buy,2022-05-15 17:35:57.770083+00:00
2022-05-15T17:35:57.770083Z,8594045,0.18880000,458.90000000,buy,2022-05-15 17:35:57.770083+00:00
2022-05-15T17:35:57.733433Z,8594044,0.19410000,1.00000000,sell,2022-05-15 17:35:57.733433+00:00
2022-05-15T17:35:57.733433Z,8594043,0.19360000,1.00000000,sell,2022-05-15 17:35:57.733433+00:00
2022-05-15T17:35:57.733433Z,8594042,0.19320000,1.00000000,sell,2022-05-15 17:35:57.733433+00:00
2022-05-15T17:35:57.733433Z,8594041,0.19270000,1.00000000,sell,2022-05-15 17:35:57.733433+00:00
2022-05-15T17:35:57.733433Z,8594040,0.19220000,388.60000000,sell,2022-05-15 17:35:57.733433+00:00
2022-05-15T17:35:57.733433Z,8594039,0.19170000,388.60000000,sell,2022-05-15 17:35:57.733433+00:00
2022-05-15T17:35:57.733433Z,8594038,0.19170000,4547.80000000,sell,2022-05-15 17:35:57.733433+00:00
2022-05-15T17:35:57.733433Z,8594037,0.19160000,453.00000000,sell,2022-05-15 17:35:57.733433+00:00
2022-05-15T17:35:57.733433Z,8594036,0.19150000,388.60000000,sell,2022-05-15 17:35:57.733433+00:00
2022-05-15T17:35:57.733433Z,8594035,0.18990000,300.00000000,sell,2022-05-15 17:35:57.733433+00:00
2022-05-15T17:35:57.733433Z,8594034,0.18970000,2863.40000000,sell,2022-05-15 17:35:57.733433+00:00
2022-05-15T17:35:57.733433Z,8594033,0.18960000,13000.00000000,sell,2022-05-15 17:35:57.733433+00:00
2022-05-15T17:35:57.733433Z,8594032,0.18950000,4744.90000000,sell,2022-05-15 17:35:57.733433+00:00
2022-05-15T17:35:57.733433Z,8594031,0.18930000,480.20000000,sell,2022-05-15 17:35:57.733433+00:00
2022-05-15T17:35:57.733433Z,8594030,0.18920000,2196.00000000,sell,2022-05-15 17:35:57.733433+00:00
2022-05-15T17:35:57.733433Z,8594029,0.18920000,280.00000000,sell,2022-05-15 17:35:57.733433+00:00
2022-05-15T17:35:57.733433Z,8594028,0.18910000,280.00000000,sell,2022-05-15 17:35:57.733433+00:00
2022-05-15T17:35:57.733433Z,8594027,0.18900000,342.00000000,sell,2022-05-15 17:35:57.733433+00:00
2022-05-15T17:35:35.290672Z,8594026,0.18880000,402.50000000,sell,2022-05-15 17:35:35.290672+00:00
2022-05-15T17:35:32.075689Z,8594025,0.18880000,1.00000000,sell,2022-05-15 17:35:32.075689+00:00
2022-05-15T17:35:26.163103Z,8594024,0.18870000,0.80000000,buy,2022-05-15 17:35:26.163103+00:00
2022-05-15T17:35:18.412974Z,8594023,0.18870000,7.00000000,buy,2022-05-15 17:35:18.412974+00:00
2022-05-15T17:35:00.661496Z,8594022,0.18880000,280.00000000,buy,2022-05-15 17:35:00.661496+00:00
2022-05-15T17:35:00.435531Z,8594021,0.18910000,2404.00000000,buy,2022-05-15 17:35:00.435531+00:00
2022-05-15T17:35:00.435531Z,8594020,0.18910000,312.30000000,buy,2022-05-15 17:35:00.435531+00:00
2022-05-15T17:32:36.460917Z,8594019,0.18930000,359.00000000,sell,2022-05-15 17:32:36.460917+00:00
2022-05-15T17:31:40.567377Z,8594018,0.18930000,280.00000000,sell,2022-05-15 17:31:40.567377+00:00
2022-05-15T17:31:40.551966Z,8594017,0.18920000,327.00000000,sell,2022-05-15 17:31:40.551966+00:00
2022-05-15T17:31:40.551966Z,8594016,0.18920000,280.00000000,sell,2022-05-15 17:31:40.551966+00:00
2022-05-15T17:31:18.167559Z,8594015,0.18900000,361.00000000,buy,2022-05-15 17:31:18.167559+00:00
2022-05-15T17:30:07.311314Z,8594014,0.18970000,3.60000000,buy,2022-05-15 17:30:07.311314+00:00
2022-05-15T17:29:02.479797Z,8594013,0.19000000,283.00000000,buy,2022-05-15 17:29:02.479797+00:00
2022-05-15T17:27:58.917388Z,8594012,0.19030000,1.00000000,buy,2022-05-15 17:27:58.917388+00:00
2022-05-15T17:25:55.626761Z,8594011,0.18990000,554.10000000,buy,2022-05-15 17:25:55.626761+00:00
2022-05-15T17:25:33.882052Z,8594010,0.19010000,310.50000000,sell,2022-05-15 17:25:33.882052+00:00
2022-05-15T17:24:08.746319Z,8594009,0.19010000,84.30000000,buy,2022-05-15 17:24:08.746319+00:00
2022-05-15T17:24:08.746319Z,8594008,0.19010000,0.70000000,buy,2022-05-15 17:24:08.746319+00:00
2022-05-15T17:24:08.610422Z,8594007,0.19010000,85.00000000,buy,2022-05-15 17:24:08.610422+00:00
2022-05-15T17:24:08.610422Z,8594006,0.19010000,294.00000000,buy,2022-05-15 17:24:08.610422+00:00
2022-05-15T17:23:27.733696Z,8594005,0.19080000,15.70000000,sell,2022-05-15 17:23:27.733696+00:00
2022-05-15T17:22:29.853473Z,8594004,0.19070000,323.00000000,sell,2022-05-15 17:22:29.853473+00:00
2022-05-15T17:20:28.970415Z,8594003,0.19070000,1.00000000,buy,2022-05-15 17:20:28.970415+00:00
2022-05-15T17:18:30.1359Z,8594002,0.19120000,35.80000000,sell,2022-05-15 17:18:30.135900+00:00
2022-05-15T17:17:41.347677Z,8594001,0.19070000,27.00000000,buy,2022-05-15 17:17:41.347677+00:00
2022-05-15T17:17:41.347677Z,8594000,0.19070000,280.00000000,buy,2022-05-15 17:17:41.347677+00:00
2022-05-15T17:17:07.669583Z,8593999,0.19120000,104.30000000,sell,2022-05-15 17:17:07.669583+00:00
2022-05-15T17:16:42.944702Z,8593998,0.19130000,129.90000000,sell,2022-05-15 17:16:42.944702+00:00
2022-05-15T17:16:20.615784Z,8593997,0.19110000,150.00000000,sell,2022-05-15 17:16:20.615784+00:00
2022-05-15T17:15:48.892434Z,8593996,0.19070000,18.40000000,buy,2022-05-15 17:15:48.892434+00:00
2022-05-15T17:15:44.823763Z,8593995,0.19060000,3.70000000,buy,2022-05-15 17:15:44.823763+00:00
2022-05-15T17:15:19.104959Z,8593994,0.19020000,15.70000000,buy,2022-05-15 17:15:19.104959+00:00
2022-05-15T17:15:07.779303Z,8593993,0.19040000,172.00000000,buy,2022-05-15 17:15:07.779303+00:00
2022-05-15T17:14:46.377682Z,8593992,0.19040000,286.40000000,buy,2022-05-15 17:14:46.377682+00:00
2022-05-15T17:13:25.210485Z,8593991,0.19040000,1.00000000,buy,2022-05-15 17:13:25.210485+00:00
2022-05-15T17:12:47.979442Z,8593990,0.19080000,14.80000000,sell,2022-05-15 17:12:47.979442+00:00
2022-05-15T17:12:08.231773Z,8593989,0.19010000,3.60000000,buy,2022-05-15 17:12:08.231773+00:00
2022-05-15T17:11:43.686896Z,8593988,0.19040000,220.00000000,sell,2022-05-15 17:11:43.686896+00:00
2022-05-15T17:11:43.686896Z,8593987,0.19040000,280.00000000,sell,2022-05-15 17:11:43.686896+00:00
2022-05-15T17:11:05.404187Z,8593986,0.19000000,4.90000000,sell,2022-05-15 17:11:05.404187+00:00
2022-05-15T17:07:35.427154Z,8593985,0.19000000,3.90000000,buy,2022-05-15 17:07:35.427154+00:00
2022-05-15T17:07:24.395751Z,8593984,0.19010000,289.00000000,buy,2022-05-15 17:07:24.395751+00:00
2022-05-15T17:06:13.17942Z,8593983,0.19020000,251.60000000,sell,2022-05-15 17:06:13.179420+00:00
2022-05-15T17:04:45.930235Z,8593982,0.18970000,21.00000000,sell,2022-05-15 17:04:45.930235+00:00
2022-05-15T17:04:34.423845Z,8593981,0.18940000,1.00000000,buy,2022-05-15 17:04:34.423845+00:00
2022-05-15T17:04:08.50417Z,8593980,0.18990000,299.00000000,sell,2022-05-15 17:04:08.504170+00:00
2022-05-15T17:03:57.72237Z,8593979,0.18970000,335.00000000,sell,2022-05-15 17:03:57.722370+00:00
2022-05-15T17:03:19.875358Z,8593978,0.18940000,212.30000000,buy,2022-05-15 17:03:19.875358+00:00
2022-05-15T17:03:09.401748Z,8593977,0.18940000,3.70000000,buy,2022-05-15 17:03:09.401748+00:00
2022-05-15T17:02:56.327599Z,8593976,0.18930000,20.60000000,buy,2022-05-15 17:02:56.327599+00:00
2022-05-15T17:02:56.327599Z,8593975,0.18950000,286.00000000,buy,2022-05-15 17:02:56.327599+00:00
2022-05-15T17:02:16.238027Z,8593974,0.18960000,4.10000000,buy,2022-05-15 17:02:16.238027+00:00
2022-05-15T17:01:37.057109Z,8593973,0.18980000,338.00000000,sell,2022-05-15 17:01:37.057109+00:00
2022-05-15T17:01:34.615034Z,8593972,0.18980000,123.40000000,sell,2022-05-15 17:01:34.615034+00:00
2022-05-15T17:01:34.322537Z,8593971,0.18960000,321.00000000,sell,2022-05-15 17:01:34.322537+00:00
2022-05-15T17:01:05.601533Z,8593970,0.18940000,55.60000000,buy,2022-05-15 17:01:05.601533+00:00
2022-05-15T17:00:17.053257Z,8593969,0.18950000,3.30000000,buy,2022-05-15 17:00:17.053257+00:00
2022-05-15T16:58:47.889041Z,8593968,0.19040000,26.10000000,sell,2022-05-15 16:58:47.889041+00:00
2022-05-15T16:57:53.175079Z,8593967,0.19010000,1.00000000,buy,2022-05-15 16:57:53.175079+00:00
2022-05-15T16:56:52.039035Z,8593966,0.19080000,1.00000000,sell,2022-05-15 16:56:52.039035+00:00
2022-05-15T16:56:46.376298Z,8593965,0.19070000,13000.00000000,sell,2022-05-15 16:56:46.376298+00:00
2022-05-15T16:56:10.647265Z,8593964,0.19040000,299.00000000,sell,2022-05-15 16:56:10.647265+00:00
2022-05-15T16:55:54.020512Z,8593963,0.19040000,15.70000000,sell,2022-05-15 16:55:54.020512+00:00
2022-05-15T16:55:24.643008Z,8593962,0.19040000,4583.00000000,buy,2022-05-15 16:55:24.643008+00:00
2022-05-15T16:55:24.602103Z,8593961,0.19050000,561.00000000,buy,2022-05-15 16:55:24.602103+00:00
2022-05-15T16:55:24.571395Z,8593960,0.19070000,280.00000000,buy,2022-05-15 16:55:24.571395+00:00
2022-05-15T16:54:43.245548Z,8593959,0.19100000,280.00000000,buy,2022-05-15 16:54:43.245548+00:00
2022-05-15T16:54:43.237775Z,8593958,0.19100000,4504.40000000,buy,2022-05-15 16:54:43.237775+00:00
2022-05-15T16:54:43.237775Z,8593957,0.19100000,4579.60000000,buy,2022-05-15 16:54:43.237775+00:00
2022-05-15T16:54:43.237775Z,8593956,0.19110000,280.00000000,buy,2022-05-15 16:54:43.237775+00:00
2022-05-15T16:54:43.21521Z,8593955,0.19110000,280.00000000,buy,2022-05-15 16:54:43.215210+00:00
2022-05-15T16:54:43.099717Z,8593954,0.19150000,558.00000000,buy,2022-05-15 16:54:43.099717+00:00
2022-05-15T16:54:43.099717Z,8593953,0.19150000,280.00000000,buy,2022-05-15 16:54:43.099717+00:00
2022-05-15T16:54:28.972878Z,8593952,0.19180000,2000.00000000,sell,2022-05-15 16:54:28.972878+00:00
2022-05-15T16:54:26.996307Z,8593951,0.19180000,125.00000000,buy,2022-05-15 16:54:26.996307+00:00
2022-05-15T16:54:26.93007Z,8593950,0.19200000,0.40000000,buy,2022-05-15 16:54:26.930070+00:00
2022-05-15T16:54:25.548365Z,8593949,0.19210000,44.80000000,sell,2022-05-15 16:54:25.548365+00:00
2022-05-15T16:54:16.243364Z,8593948,0.19200000,12.00000000,buy,2022-05-15 16:54:16.243364+00:00
2022-05-15T16:54:16.071184Z,8593947,0.19210000,491.00000000,buy,2022-05-15 16:54:16.071184+00:00
2022-05-15T16:53:53.405825Z,8593946,0.19210000,376.00000000,sell,2022-05-15 16:53:53.405825+00:00
2022-05-15T16:53:50.830938Z,8593945,0.19190000,361.00000000,sell,2022-05-15 16:53:50.830938+00:00
2022-05-15T16:53:13.406429Z,8593944,0.19180000,1999.90000000,sell,2022-05-15 16:53:13.406429+00:00
2022-05-15T16:53:13.406429Z,8593943,0.19180000,397.30000000,sell,2022-05-15 16:53:13.406429+00:00
2022-05-15T16:52:58.896366Z,8593942,0.19160000,376.00000000,sell,2022-05-15 16:52:58.896366+00:00
2022-05-15T16:52:07.577469Z,8593941,0.19120000,358.00000000,sell,2022-05-15 16:52:07.577469+00:00
2022-05-15T16:51:52.635694Z,8593940,0.19110000,1.50000000,sell,2022-05-15 16:51:52.635694+00:00
2022-05-15T16:50:49.718442Z,8593939,0.19040000,3.40000000,buy,2022-05-15 16:50:49.718442+00:00
2022-05-15T16:50:18.191333Z,8593938,0.19130000,1177.20000000,sell,2022-05-15 16:50:18.191333+00:00
2022-05-15T16:50:18.191333Z,8593937,0.19120000,300.00000000,sell,2022-05-15 16:50:18.191333+00:00
2022-05-15T16:50:18.191333Z,8593936,0.19110000,2950.50000000,sell,2022-05-15 16:50:18.191333+00:00
2022-05-15T16:50:18.191333Z,8593935,0.19110000,400.00000000,sell,2022-05-15 16:50:18.191333+00:00
2022-05-15T16:50:18.191333Z,8593934,0.19110000,532.50000000,sell,2022-05-15 16:50:18.191333+00:00
2022-05-15T16:50:18.191333Z,8593933,0.19100000,400.00000000,sell,2022-05-15 16:50:18.191333+00:00
2022-05-15T16:50:18.191333Z,8593932,0.19100000,4243.50000000,sell,2022-05-15 16:50:18.191333+00:00
2022-05-15T16:50:18.191333Z,8593931,0.19100000,537.70000000,sell,2022-05-15 16:50:18.191333+00:00
2022-05-15T16:50:18.191333Z,8593930,0.19090000,500.00000000,sell,2022-05-15 16:50:18.191333+00:00
2022-05-15T16:50:18.191333Z,8593929,0.19090000,2023.10000000,sell,2022-05-15 16:50:18.191333+00:00
2022-05-15T16:50:18.191333Z,8593928,0.19090000,2844.20000000,sell,2022-05-15 16:50:18.191333+00:00
2022-05-15T16:50:18.191333Z,8593927,0.19090000,524.30000000,sell,2022-05-15 16:50:18.191333+00:00
2022-05-15T16:50:18.191333Z,8593926,0.19090000,424.20000000,sell,2022-05-15 16:50:18.191333+00:00
2022-05-15T16:50:18.191333Z,8593925,0.19090000,280.00000000,sell,2022-05-15 16:50:18.191333+00:00
2022-05-15T16:50:18.191333Z,8593924,0.19080000,318.00000000,sell,2022-05-15 16:50:18.191333+00:00
2022-05-15T16:50:18.191333Z,8593923,0.19080000,1583.20000000,sell,2022-05-15 16:50:18.191333+00:00
2022-05-15T16:50:18.191333Z,8593922,0.19080000,527.70000000,sell,2022-05-15 16:50:18.191333+00:00
2022-05-15T16:50:18.191333Z,8593921,0.19080000,2873.90000000,sell,2022-05-15 16:50:18.191333+00:00
2022-05-15T16:50:18.191333Z,8593920,0.19080000,280.00000000,sell,2022-05-15 16:50:18.191333+00:00
2022-05-15T16:50:18.191333Z,8593919,0.19070000,2000.00000000,sell,2022-05-15 16:50:18.191333+00:00
2022-05-15T16:50:18.191333Z,8593918,0.19070000,280.00000000,sell,2022-05-15 16:50:18.191333+00:00
2022-05-15T16:50:11.623428Z,8593917,0.19050000,304.00000000,buy,2022-05-15 16:50:11.623428+00:00
2022-05-15T16:50:09.562853Z,8593916,0.19050000,1.00000000,buy,2022-05-15 16:50:09.562853+00:00
2022-05-15T16:49:26.002035Z,8593915,0.19070000,331.00000000,sell,2022-05-15 16:49:26.002035+00:00
2022-05-15T16:48:22.450424Z,8593914,0.19080000,573.70000000,sell,2022-05-15 16:48:22.450424+00:00
2022-05-15T16:47:17.676502Z,8593913,0.19090000,400.00000000,sell,2022-05-15 16:47:17.676502+00:00
2022-05-15T16:47:10.589739Z,8593912,0.19080000,0.90000000,buy,2022-05-15 16:47:10.589739+00:00
2022-05-15T16:47:07.393723Z,8593911,0.19080000,3.00000000,buy,2022-05-15 16:47:07.393723+00:00
2022-05-15T16:47:02.379435Z,8593910,0.19090000,335.00000000,sell,2022-05-15 16:47:02.379435+00:00
2022-05-15T16:45:48.35073Z,8593909,0.19000000,3.10000000,buy,2022-05-15 16:45:48.350730+00:00
2022-05-15T16:45:40.568852Z,8593908,0.18980000,163.40000000,buy,2022-05-15 16:45:40.568852+00:00
2022-05-15T16:45:40.568852Z,8593907,0.18980000,280.00000000,buy,2022-05-15 16:45:40.568852+00:00
2022-05-15T16:45:40.568852Z,8593906,0.19000000,330.80000000,buy,2022-05-15 16:45:40.568852+00:00
2022-05-15T16:45:17.429789Z,8593905,0.19020000,346.00000000,buy,2022-05-15 16:45:17.429789+00:00
2022-05-15T16:44:20.152484Z,8593904,0.19070000,3.90000000,buy,2022-05-15 16:44:20.152484+00:00
2022-05-15T16:44:01.984664Z,8593903,0.19070000,392.00000000,sell,2022-05-15 16:44:01.984664+00:00
2022-05-15T16:43:24.480581Z,8593902,0.19020000,100.00000000,sell,2022-05-15 16:43:24.480581+00:00
2022-05-15T16:43:14.651578Z,8593901,0.19020000,1.00000000,sell,2022-05-15 16:43:14.651578+00:00
2022-05-15T16:42:55.456767Z,8593900,0.19000000,328.00000000,sell,2022-05-15 16:42:55.456767+00:00
2022-05-15T16:42:19.922458Z,8593899,0.18980000,295.00000000,sell,2022-05-15 16:42:19.922458+00:00
2022-05-15T16:41:49.287298Z,8593898,0.18980000,335.00000000,sell,2022-05-15 16:41:49.287298+00:00
2022-05-15T16:40:55.866026Z,8593897,0.18960000,320.00000000,sell,2022-05-15 16:40:55.866026+00:00
2022-05-15T16:39:07.852298Z,8593896,0.18930000,304.00000000,buy,2022-05-15 16:39:07.852298+00:00
2022-05-15T16:38:57.476404Z,8593895,0.18930000,4.00000000,buy,2022-05-15 16:38:57.476404+00:00
2022-05-15T16:38:45.594367Z,8593894,0.18950000,311.00000000,buy,2022-05-15 16:38:45.594367+00:00
2022-05-15T16:37:19.381756Z,8593893,0.18960000,317.00000000,sell,2022-05-15 16:37:19.381756+00:00
2022-05-15T16:35:58.244755Z,8593892,0.18990000,97.10000000,sell,2022-05-15 16:35:58.244755+00:00
2022-05-15T16:35:57.085769Z,8593891,0.18980000,2201.30000000,sell,2022-05-15 16:35:57.085769+00:00
2022-05-15T16:35:57.085769Z,8593890,0.18980000,343.70000000,sell,2022-05-15 16:35:57.085769+00:00
2022-05-15T16:35:56.740597Z,8593889,0.18980000,1.00000000,sell,2022-05-15 16:35:56.740597+00:00
2022-05-15T16:35:26.319308Z,8593888,0.18940000,301.00000000,sell,2022-05-15 16:35:26.319308+00:00
2022-05-15T16:35:22.174592Z,8593887,0.18920000,2892.00000000,buy,2022-05-15 16:35:22.174592+00:00
2022-05-15T16:34:39.762018Z,8593886,0.18950000,3.90000000,buy,2022-05-15 16:34:39.762018+00:00
2022-05-15T16:34:39.517669Z,8593885,0.18970000,2000.00000000,sell,2022-05-15 16:34:39.517669+00:00
2022-05-15T16:34:35.566257Z,8593884,0.18970000,300.00000000,sell,2022-05-15 16:34:35.566257+00:00
2022-05-15T16:34:35.566257Z,8593883,0.18970000,3683.90000000,sell,2022-05-15 16:34:35.566257+00:00
2022-05-15T16:34:35.566257Z,8593882,0.18970000,545.80000000,sell,2022-05-15 16:34:35.566257+00:00
2022-05-15T16:34:35.566099Z,8593881,0.18960000,2000.00000000,sell,2022-05-15 16:34:35.566099+00:00
2022-05-15T16:33:51.972384Z,8593880,0.18950000,280.00000000,buy,2022-05-15 16:33:51.972384+00:00
2022-05-15T16:33:18.518226Z,8593879,0.18930000,2000.00000000,sell,2022-05-15 16:33:18.518226+00:00
2022-05-15T16:33:18.248001Z,8593878,0.18930000,291.00000000,sell,2022-05-15 16:33:18.248001+00:00
2022-05-15T16:31:01.281144Z,8593877,0.18880000,329.30000000,sell,2022-05-15 16:31:01.281144+00:00
2022-05-15T16:31:01.281144Z,8593876,0.18880000,5801.70000000,sell,2022-05-15 16:31:01.281144+00:00
2022-05-15T16:30:15.833201Z,8593875,0.18860000,281.00000000,sell,2022-05-15 16:30:15.833201+00:00
2022-05-15T16:30:05.374973Z,8593874,0.18850000,1999.30000000,sell,2022-05-15 16:30:05.374973+00:00
2022-05-15T16:30:05.374973Z,8593873,0.18850000,5801.70000000,sell,2022-05-15 16:30:05.374973+00:00
2022-05-15T16:29:47.281316Z,8593872,0.18840000,295.00000000,sell,2022-05-15 16:29:47.281316+00:00
2022-05-15T16:29:38.078621Z,8593871,0.18840000,1.00000000,sell,2022-05-15 16:29:38.078621+00:00
2022-05-15T16:28:54.825299Z,8593870,0.18830000,311.00000000,sell,2022-05-15 16:28:54.825299+00:00
2022-05-15T16:26:56.075701Z,8593869,0.18810000,304.00000000,sell,2022-05-15 16:26:56.075701+00:00
2022-05-15T16:26:44.463461Z,8593868,0.18780000,5801.00000000,sell,2022-05-15 16:26:44.463461+00:00
2022-05-15T16:26:00.235281Z,8593867,0.18780000,124.50000000,sell,2022-05-15 16:26:00.235281+00:00
2022-05-15T16:24:06.38296Z,8593866,0.18790000,310.00000000,sell,2022-05-15 16:24:06.382960+00:00
2022-05-15T16:24:01.612182Z,8593865,0.18780000,2000.00000000,buy,2022-05-15 16:24:01.612182+00:00
2022-05-15T16:23:42.491257Z,8593864,0.18800000,307.00000000,buy,2022-05-15 16:23:42.491257+00:00
2022-05-15T16:22:18.72584Z,8593863,0.18790000,4.00000000,buy,2022-05-15 16:22:18.725840+00:00
2022-05-15T16:22:09.421505Z,8593862,0.18810000,1788.00000000,sell,2022-05-15 16:22:09.421505+00:00
2022-05-15T16:22:09.421505Z,8593861,0.18810000,286.80000000,sell,2022-05-15 16:22:09.421505+00:00
2022-05-15T16:21:54.257095Z,8593860,0.18840000,5902.60000000,buy,2022-05-15 16:21:54.257095+00:00
2022-05-15T16:21:54.246258Z,8593859,0.18840000,2188.10000000,buy,2022-05-15 16:21:54.246258+00:00
2022-05-15T16:21:34.919566Z,8593858,0.18840000,553.90000000,buy,2022-05-15 16:21:34.919566+00:00
2022-05-15T16:21:04.889274Z,8593857,0.18840000,369.20000000,buy,2022-05-15 16:21:04.889274+00:00
2022-05-15T16:20:54.769324Z,8593856,0.18850000,2000.00000000,sell,2022-05-15 16:20:54.769324+00:00
2022-05-15T16:20:54.769324Z,8593855,0.18850000,308.10000000,sell,2022-05-15 16:20:54.769324+00:00
2022-05-15T16:20:42.700594Z,8593854,0.18840000,2000.00000000,buy,2022-05-15 16:20:42.700594+00:00
2022-05-15T16:20:42.697012Z,8593853,0.18840000,2906.00000000,buy,2022-05-15 16:20:42.697012+00:00
2022-05-15T16:20:39.251656Z,8593852,0.18840000,4597.10000000,buy,2022-05-15 16:20:39.251656+00:00
2022-05-15T16:20:39.247171Z,8593851,0.18850000,482.90000000,sell,2022-05-15 16:20:39.247171+00:00
2022-05-15T16:20:39.247171Z,8593850,0.18850000,2000.00000000,sell,2022-05-15 16:20:39.247171+00:00
2022-05-15T16:20:39.247171Z,8593849,0.18850000,423.10000000,sell,2022-05-15 16:20:39.247171+00:00
2022-05-15T16:20:38.257113Z,8593848,0.18840000,985.20000000,buy,2022-05-15 16:20:38.257113+00:00
2022-05-15T16:20:38.241979Z,8593847,0.18840000,29461.00000000,buy,2022-05-15 16:20:38.241979+00:00
2022-05-15T16:20:38.120654Z,8593846,0.18840000,1248.00000000,buy,2022-05-15 16:20:38.120654+00:00
2022-05-15T16:20:37.897794Z,8593845,0.18840000,4360.70000000,buy,2022-05-15 16:20:37.897794+00:00
2022-05-15T16:20:37.863582Z,8593844,0.18840000,8604.60000000,buy,2022-05-15 16:20:37.863582+00:00
2022-05-15T16:20:34.903659Z,8593843,0.18840000,184.70000000,buy,2022-05-15 16:20:34.903659+00:00
2022-05-15T16:20:24.506894Z,8593842,0.18890000,177.60000000,sell,2022-05-15 16:20:24.506894+00:00
2022-05-15T16:20:23.523238Z,8593841,0.18850000,298.00000000,sell,2022-05-15 16:20:23.523238+00:00
2022-05-15T16:20:22.849008Z,8593840,0.18780000,1.00000000,buy,2022-05-15 16:20:22.849008+00:00
2022-05-15T16:20:22.525706Z,8593839,0.18780000,2913.90000000,buy,2022-05-15 16:20:22.525706+00:00
2022-05-15T16:20:22.484464Z,8593838,0.18850000,280.00000000,buy,2022-05-15 16:20:22.484464+00:00
2022-05-15T16:20:22.465452Z,8593837,0.18850000,2238.00000000,buy,2022-05-15 16:20:22.465452+00:00
2022-05-15T16:20:22.465452Z,8593836,0.18860000,280.00000000,buy,2022-05-15 16:20:22.465452+00:00
2022-05-15T16:20:22.450928Z,8593835,0.18870000,280.00000000,buy,2022-05-15 16:20:22.450928+00:00
2022-05-15T16:20:22.447057Z,8593834,0.18930000,520.00000000,sell,2022-05-15 16:20:22.447057+00:00
2022-05-15T16:20:22.447057Z,8593833,0.18930000,300.00000000,sell,2022-05-15 16:20:22.447057+00:00
2022-05-15T16:20:22.439401Z,8593832,0.18870000,280.00000000,buy,2022-05-15 16:20:22.439401+00:00
2022-05-15T16:20:22.435627Z,8593831,0.18870000,532.00000000,buy,2022-05-15 16:20:22.435627+00:00
2022-05-15T16:20:22.407764Z,8593830,0.18950000,90.00000000,buy,2022-05-15 16:20:22.407764+00:00
2022-05-15T16:20:22.403641Z,8593829,0.18920000,90.00000000,buy,2022-05-15 16:20:22.403641+00:00
2022-05-15T16:20:22.368501Z,8593828,0.18890000,13000.00000000,buy,2022-05-15 16:20:22.368501+00:00
2022-05-15T16:20:22.368501Z,8593827,0.18890000,12012.30000000,buy,2022-05-15 16:20:22.368501+00:00
2022-05-15T16:20:22.368501Z,8593826,0.18890000,500.00000000,buy,2022-05-15 16:20:22.368501+00:00
2022-05-15T16:20:22.368501Z,8593825,0.18890000,2635.10000000,buy,2022-05-15 16:20:22.368501+00:00
2022-05-15T16:20:22.368501Z,8593824,0.18890000,2719.70000000,buy,2022-05-15 16:20:22.368501+00:00
2022-05-15T16:20:22.368501Z,8593823,0.18900000,300.00000000,buy,2022-05-15 16:20:22.368501+00:00
2022-05-15T16:20:22.368501Z,8593822,0.18910000,400.00000000,buy,2022-05-15 16:20:22.368501+00:00
2022-05-15T16:20:22.368501Z,8593821,0.18910000,5801.70000000,buy,2022-05-15 16:20:22.368501+00:00
2022-05-15T16:20:22.368501Z,8593820,0.18910000,6055.10000000,buy,2022-05-15 16:20:22.368501+00:00
2022-05-15T16:20:22.368501Z,8593819,0.18910000,2965.00000000,buy,2022-05-15 16:20:22.368501+00:00
2022-05-15T16:20:22.368501Z,8593818,0.18910000,309.30000000,buy,2022-05-15 16:20:22.368501+00:00
2022-05-15T16:20:22.368501Z,8593817,0.18920000,504.10000000,buy,2022-05-15 16:20:22.368501+00:00
2022-05-15T16:20:22.368501Z,8593816,0.18930000,536.70000000,buy,2022-05-15 16:20:22.368501+00:00
2022-05-15T16:20:22.368501Z,8593815,0.18930000,358.20000000,buy,2022-05-15 16:20:22.368501+00:00
2022-05-15T16:20:22.368501Z,8593814,0.18940000,5293.20000000,buy,2022-05-15 16:20:22.368501+00:00
2022-05-15T16:20:22.368501Z,8593813,0.18940000,4501.90000000,buy,2022-05-15 16:20:22.368501+00:00
2022-05-15T16:20:22.368501Z,8593812,0.18940000,479.00000000,buy,2022-05-15 16:20:22.368501+00:00
2022-05-15T16:20:22.368501Z,8593811,0.18950000,552.40000000,buy,2022-05-15 16:20:22.368501+00:00
2022-05-15T16:20:22.368501Z,8593810,0.18950000,280.00000000,buy,2022-05-15 16:20:22.368501+00:00
2022-05-15T16:20:22.368501Z,8593809,0.18960000,488.80000000,buy,2022-05-15 16:20:22.368501+00:00
2022-05-15T16:20:22.368501Z,8593808,0.18960000,280.00000000,buy,2022-05-15 16:20:22.368501+00:00
2022-05-15T16:20:22.368501Z,8593807,0.18970000,280.00000000,buy,2022-05-15 16:20:22.368501+00:00
2022-05-15T16:20:22.368501Z,8593806,0.18970000,2574.50000000,buy,2022-05-15 16:20:22.368501+00:00
2022-05-15T16:20:22.368501Z,8593805,0.18980000,534.10000000,buy,2022-05-15 16:20:22.368501+00:00
2022-05-15T16:20:16.01816Z,8593804,0.18970000,23.60000000,buy,2022-05-15 16:20:16.018160+00:00
2022-05-15T16:19:58.650038Z,8593803,0.18970000,107.60000000,sell,2022-05-15 16:19:58.650038+00:00
2022-05-15T16:19:52.185849Z,8593802,0.18930000,3.40000000,buy,2022-05-15 16:19:52.185849+00:00
2022-05-15T16:18:50.681477Z,8593801,0.18920000,57.10000000,buy,2022-05-15 16:18:50.681477+00:00
2022-05-15T16:18:12.74305Z,8593800,0.18950000,38.70000000,sell,2022-05-15 16:18:12.743050+00:00
2022-05-15T16:17:37.619572Z,8593799,0.18900000,12.80000000,buy,2022-05-15 16:17:37.619572+00:00
2022-05-15T16:16:46.171786Z,8593798,0.18930000,299.10000000,sell,2022-05-15 16:16:46.171786+00:00
2022-05-15T16:16:46.171786Z,8593797,0.18930000,513.90000000,sell,2022-05-15 16:16:46.171786+00:00
2022-05-15T16:16:25.806232Z,8593796,0.18930000,5.20000000,sell,2022-05-15 16:16:25.806232+00:00
2022-05-15T16:16:02.380285Z,8593795,0.18880000,433.00000000,sell,2022-05-15 16:16:02.380285+00:00
2022-05-15T16:16:01.419523Z,8593794,0.18850000,85.10000000,sell,2022-05-15 16:16:01.419523+00:00
2022-05-15T16:16:01.419523Z,8593793,0.18850000,0.90000000,sell,2022-05-15 16:16:01.419523+00:00
2022-05-15T16:16:01.247101Z,8593792,0.18850000,299.10000000,sell,2022-05-15 16:16:01.247101+00:00
2022-05-15T16:16:01.247101Z,8593791,0.18850000,334.90000000,sell,2022-05-15 16:16:01.247101+00:00
2022-05-15T16:16:00.856754Z,8593790,0.18850000,52.60000000,sell,2022-05-15 16:16:00.856754+00:00
2022-05-15T16:15:25.045898Z,8593789,0.18840000,1707.80000000,sell,2022-05-15 16:15:25.045898+00:00
2022-05-15T16:15:25.026539Z,8593788,0.18830000,280.00000000,sell,2022-05-15 16:15:25.026539+00:00
2022-05-15T16:15:25.002288Z,8593787,0.18830000,280.00000000,sell,2022-05-15 16:15:25.002288+00:00
2022-05-15T16:15:24.972507Z,8593786,0.18820000,280.00000000,sell,2022-05-15 16:15:24.972507+00:00
2022-05-15T16:15:24.960371Z,8593785,0.18810000,337.70000000,sell,2022-05-15 16:15:24.960371+00:00
2022-05-15T16:15:22.46782Z,8593784,0.18780000,483.20000000,sell,2022-05-15 16:15:22.467820+00:00
2022-05-15T16:15:22.46782Z,8593783,0.18780000,233.20000000,sell,2022-05-15 16:15:22.467820+00:00
2022-05-15T16:15:22.464871Z,8593782,0.18780000,2028.00000000,sell,2022-05-15 16:15:22.464871+00:00
2022-05-15T16:15:21.756357Z,8593781,0.18750000,298.00000000,sell,2022-05-15 16:15:21.756357+00:00
2022-05-15T16:15:21.438012Z,8593780,0.18740000,280.00000000,buy,2022-05-15 16:15:21.438012+00:00
2022-05-15T16:15:21.412428Z,8593779,0.18750000,280.00000000,buy,2022-05-15 16:15:21.412428+00:00
2022-05-15T16:15:21.395807Z,8593778,0.18750000,280.00000000,buy,2022-05-15 16:15:21.395807+00:00
2022-05-15T16:15:15.536155Z,8593777,0.18820000,280.00000000,sell,2022-05-15 16:15:15.536155+00:00
2022-05-15T16:15:15.455049Z,8593776,0.18790000,280.00000000,sell,2022-05-15 16:15:15.455049+00:00
2022-05-15T16:15:15.430539Z,8593775,0.18770000,322.60000000,sell,2022-05-15 16:15:15.430539+00:00
