time,trade_id,price,size,side,date
2022-05-14T22:25:16.404257Z,9177639,0.71300000,3.16000000,buy,2022-05-14 22:25:16.404257+00:00
2022-05-14T22:24:18.579359Z,9177638,0.71400000,1319.00000000,buy,2022-05-14 22:24:18.579359+00:00
2022-05-14T22:24:13.662346Z,9177637,0.71300000,772.23000000,buy,2022-05-14 22:24:13.662346+00:00
2022-05-14T22:24:13.662346Z,9177636,0.71300000,2450.75000000,buy,2022-05-14 22:24:13.662346+00:00
2022-05-14T22:24:13.662346Z,9177635,0.71400000,450.00000000,buy,2022-05-14 22:24:13.662346+00:00
2022-05-14T22:24:13.662346Z,9177634,0.71400000,1998.57000000,buy,2022-05-14 22:24:13.662346+00:00
2022-05-14T22:24:13.662346Z,9177633,0.71400000,2323.27000000,buy,2022-05-14 22:24:13.662346+00:00
2022-05-14T22:24:13.662346Z,9177632,0.71400000,5310.83000000,buy,2022-05-14 22:24:13.662346+00:00
2022-05-14T22:24:13.662346Z,9177631,0.71400000,164.59000000,buy,2022-05-14 22:24:13.662346+00:00
2022-05-14T22:24:13.662346Z,9177630,0.71400000,509.76000000,buy,2022-05-14 22:24:13.662346+00:00
2022-05-14T22:23:44.714218Z,9177629,0.71500000,5.00000000,sell,2022-05-14 22:23:44.714218+00:00
2022-05-14T22:23:39.534939Z,9177628,0.71500000,100.00000000,buy,2022-05-14 22:23:39.534939+00:00
2022-05-14T22:22:49.068894Z,9177627,0.71500000,0.34000000,sell,2022-05-14 22:22:49.068894+00:00
2022-05-14T22:22:34.221344Z,9177626,0.71400000,10.00000000,buy,2022-05-14 22:22:34.221344+00:00
2022-05-14T22:22:33.958495Z,9177625,0.71400000,1679.60000000,buy,2022-05-14 22:22:33.958495+00:00
2022-05-14T22:22:22.274262Z,9177624,0.71500000,2324.28000000,buy,2022-05-14 22:22:22.274262+00:00
2022-05-14T22:21:36.882914Z,9177623,0.71500000,20.00000000,sell,2022-05-14 22:21:36.882914+00:00
2022-05-14T22:20:51.186908Z,9177622,0.71500000,88.42000000,buy,2022-05-14 22:20:51.186908+00:00
2022-05-14T22:20:46.229228Z,9177621,0.71500000,1.41000000,buy,2022-05-14 22:20:46.229228+00:00
2022-05-14T22:20:34.685975Z,9177620,0.71500000,8.00000000,buy,2022-05-14 22:20:34.685975+00:00
2022-05-14T22:20:07.15691Z,9177619,0.71700000,20.00000000,buy,2022-05-14 22:20:07.156910+00:00
2022-05-14T22:19:52.6445Z,9177618,0.71700000,2478.61000000,sell,2022-05-14 22:19:52.644500+00:00
2022-05-14T22:19:16.945462Z,9177617,0.71700000,20.00000000,sell,2022-05-14 22:19:16.945462+00:00
2022-05-14T22:19:04.378293Z,9177616,0.71700000,0.42000000,buy,2022-05-14 22:19:04.378293+00:00
2022-05-14T22:19:04.378293Z,9177615,0.71700000,2433.46000000,buy,2022-05-14 22:19:04.378293+00:00
2022-05-14T22:18:48.428423Z,9177614,0.71800000,2000.00000000,sell,2022-05-14 22:18:48.428423+00:00
2022-05-14T22:18:43.481753Z,9177613,0.71700000,0.83000000,buy,2022-05-14 22:18:43.481753+00:00
2022-05-14T22:18:38.174068Z,9177612,0.71900000,52.60000000,sell,2022-05-14 22:18:38.174068+00:00
2022-05-14T22:18:35.188991Z,9177611,0.71700000,80.00000000,buy,2022-05-14 22:18:35.188991+00:00
2022-05-14T22:18:04.94244Z,9177610,0.71700000,115.52000000,buy,2022-05-14 22:18:04.942440+00:00
2022-05-14T22:17:12.190929Z,9177609,0.71800000,96.47000000,sell,2022-05-14 22:17:12.190929+00:00
2022-05-14T22:17:09.913535Z,9177608,0.71900000,12.47000000,sell,2022-05-14 22:17:09.913535+00:00
2022-05-14T22:17:07.457079Z,9177607,0.71900000,9.21000000,sell,2022-05-14 22:17:07.457079+00:00
2022-05-14T22:16:16.538628Z,9177606,0.71900000,3.50000000,buy,2022-05-14 22:16:16.538628+00:00
2022-05-14T22:15:02.738864Z,9177605,0.71900000,69.28000000,buy,2022-05-14 22:15:02.738864+00:00
2022-05-14T22:14:20.600876Z,9177604,0.72000000,1.38000000,sell,2022-05-14 22:14:20.600876+00:00
2022-05-14T22:14:16.725561Z,9177603,0.71800000,1.40000000,buy,2022-05-14 22:14:16.725561+00:00
2022-05-14T22:13:47.686273Z,9177602,0.71700000,289.70000000,buy,2022-05-14 22:13:47.686273+00:00
2022-05-14T22:13:01.030539Z,9177601,0.71800000,290.32000000,sell,2022-05-14 22:13:01.030539+00:00
2022-05-14T22:12:48.855463Z,9177600,0.71700000,20.00000000,buy,2022-05-14 22:12:48.855463+00:00
2022-05-14T22:12:42.425499Z,9177599,0.71700000,7.16000000,buy,2022-05-14 22:12:42.425499+00:00
2022-05-14T22:12:42.425499Z,9177598,0.71700000,20.00000000,buy,2022-05-14 22:12:42.425499+00:00
2022-05-14T22:12:12.831066Z,9177597,0.71700000,29.69000000,buy,2022-05-14 22:12:12.831066+00:00
2022-05-14T22:12:12.831066Z,9177596,0.71700000,20.00000000,buy,2022-05-14 22:12:12.831066+00:00
2022-05-14T22:12:01.103338Z,9177595,0.71800000,22.00000000,sell,2022-05-14 22:12:01.103338+00:00
2022-05-14T22:11:53.51904Z,9177594,0.71900000,183.73000000,sell,2022-05-14 22:11:53.519040+00:00
2022-05-14T22:11:37.524532Z,9177593,0.71700000,22.00000000,sell,2022-05-14 22:11:37.524532+00:00
2022-05-14T22:10:43.337845Z,9177592,0.71700000,66.63000000,sell,2022-05-14 22:10:43.337845+00:00
2022-05-14T22:10:26.392504Z,9177591,0.71500000,2.17000000,buy,2022-05-14 22:10:26.392504+00:00
2022-05-14T22:10:08.797932Z,9177590,0.71500000,100.00000000,buy,2022-05-14 22:10:08.797932+00:00
2022-05-14T22:09:56.789801Z,9177589,0.71500000,2.46000000,buy,2022-05-14 22:09:56.789801+00:00
2022-05-14T22:09:27.173558Z,9177588,0.71400000,800.00000000,buy,2022-05-14 22:09:27.173558+00:00
2022-05-14T22:08:00.203352Z,9177587,0.71500000,25.83000000,sell,2022-05-14 22:08:00.203352+00:00
2022-05-14T22:07:44.776714Z,9177586,0.71300000,687.17000000,sell,2022-05-14 22:07:44.776714+00:00
2022-05-14T22:07:13.237478Z,9177585,0.71300000,2000.00000000,sell,2022-05-14 22:07:13.237478+00:00
2022-05-14T22:07:08.551838Z,9177584,0.71300000,1500.00000000,buy,2022-05-14 22:07:08.551838+00:00
2022-05-14T22:07:01.570153Z,9177583,0.71400000,979.30000000,sell,2022-05-14 22:07:01.570153+00:00
2022-05-14T22:06:36.194943Z,9177582,0.71500000,25.93000000,sell,2022-05-14 22:06:36.194943+00:00
2022-05-14T22:05:54.893271Z,9177581,0.71600000,3.24000000,sell,2022-05-14 22:05:54.893271+00:00
2022-05-14T22:05:51.000781Z,9177580,0.71500000,275.23000000,sell,2022-05-14 22:05:51.000781+00:00
2022-05-14T22:05:51.000781Z,9177579,0.71500000,10.00000000,sell,2022-05-14 22:05:51.000781+00:00
2022-05-14T22:05:29.541886Z,9177578,0.71400000,48.32000000,buy,2022-05-14 22:05:29.541886+00:00
2022-05-14T22:05:29.541886Z,9177577,0.71400000,20.32000000,buy,2022-05-14 22:05:29.541886+00:00
2022-05-14T22:05:29.541886Z,9177576,0.71400000,43.38000000,buy,2022-05-14 22:05:29.541886+00:00
2022-05-14T22:05:28.509552Z,9177575,0.71500000,7.87000000,sell,2022-05-14 22:05:28.509552+00:00
2022-05-14T22:05:20.179368Z,9177574,0.71500000,20.00000000,sell,2022-05-14 22:05:20.179368+00:00
2022-05-14T22:04:36.810001Z,9177573,0.71700000,25.62000000,sell,2022-05-14 22:04:36.810001+00:00
2022-05-14T22:04:35.426877Z,9177572,0.71700000,20.00000000,buy,2022-05-14 22:04:35.426877+00:00
2022-05-14T22:04:23.664031Z,9177571,0.71700000,92.38000000,buy,2022-05-14 22:04:23.664031+00:00
2022-05-14T22:04:23.664031Z,9177570,0.71700000,20.00000000,buy,2022-05-14 22:04:23.664031+00:00
2022-05-14T22:04:23.664031Z,9177569,0.71700000,27.79000000,buy,2022-05-14 22:04:23.664031+00:00
2022-05-14T22:04:03.913746Z,9177568,0.71900000,45.75000000,sell,2022-05-14 22:04:03.913746+00:00
2022-05-14T22:03:19.242939Z,9177567,0.71700000,38.93000000,buy,2022-05-14 22:03:19.242939+00:00
2022-05-14T22:03:07.625201Z,9177566,0.71700000,189.52000000,buy,2022-05-14 22:03:07.625201+00:00
2022-05-14T22:02:34.887125Z,9177565,0.72000000,25.32000000,sell,2022-05-14 22:02:34.887125+00:00
2022-05-14T22:02:29.416041Z,9177564,0.72000000,14.99000000,sell,2022-05-14 22:02:29.416041+00:00
2022-05-14T22:01:59.394675Z,9177563,0.72100000,36.00000000,sell,2022-05-14 22:01:59.394675+00:00
2022-05-14T22:01:52.666719Z,9177562,0.72000000,1.52000000,sell,2022-05-14 22:01:52.666719+00:00
2022-05-14T22:01:42.903593Z,9177561,0.71900000,403.23000000,sell,2022-05-14 22:01:42.903593+00:00
2022-05-14T22:01:42.692777Z,9177560,0.71900000,1913.39000000,sell,2022-05-14 22:01:42.692777+00:00
2022-05-14T22:01:23.349618Z,9177559,0.71800000,143.75000000,sell,2022-05-14 22:01:23.349618+00:00
2022-05-14T22:01:06.716759Z,9177558,0.71700000,933.33000000,buy,2022-05-14 22:01:06.716759+00:00
2022-05-14T22:00:45.997956Z,9177557,0.71700000,67.56000000,buy,2022-05-14 22:00:45.997956+00:00
2022-05-14T22:00:34.628139Z,9177556,0.71900000,0.36000000,sell,2022-05-14 22:00:34.628139+00:00
2022-05-14T22:00:26.386709Z,9177555,0.71900000,69.55000000,sell,2022-05-14 22:00:26.386709+00:00
2022-05-14T21:59:46.055681Z,9177554,0.71600000,276.88000000,buy,2022-05-14 21:59:46.055681+00:00
2022-05-14T21:59:35.86675Z,9177553,0.71700000,3.52000000,buy,2022-05-14 21:59:35.866750+00:00
2022-05-14T21:59:24.837542Z,9177552,0.71900000,66.53000000,sell,2022-05-14 21:59:24.837542+00:00
2022-05-14T21:59:04.953587Z,9177551,0.71900000,142.07000000,sell,2022-05-14 21:59:04.953587+00:00
2022-05-14T21:59:04.953587Z,9177550,0.71900000,10.00000000,sell,2022-05-14 21:59:04.953587+00:00
2022-05-14T21:58:32.502714Z,9177549,0.71600000,20.00000000,sell,2022-05-14 21:58:32.502714+00:00
2022-05-14T21:58:32.502714Z,9177548,0.71600000,272.94000000,sell,2022-05-14 21:58:32.502714+00:00
2022-05-14T21:58:26.950844Z,9177547,0.71800000,69.28000000,sell,2022-05-14 21:58:26.950844+00:00
2022-05-14T21:58:24.869177Z,9177546,0.71700000,100.00000000,buy,2022-05-14 21:58:24.869177+00:00
2022-05-14T21:58:12.777099Z,9177545,0.71900000,68.78000000,sell,2022-05-14 21:58:12.777099+00:00
2022-05-14T21:57:48.432026Z,9177544,0.71900000,20.00000000,sell,2022-05-14 21:57:48.432026+00:00
2022-05-14T21:57:28.572586Z,9177543,0.71700000,29.03000000,buy,2022-05-14 21:57:28.572586+00:00
2022-05-14T21:56:51.487675Z,9177542,0.71800000,1500.00000000,sell,2022-05-14 21:56:51.487675+00:00
2022-05-14T21:56:51.247325Z,9177541,0.71800000,500.00000000,sell,2022-05-14 21:56:51.247325+00:00
2022-05-14T21:56:42.313618Z,9177540,0.71800000,3.30000000,sell,2022-05-14 21:56:42.313618+00:00
2022-05-14T21:56:42.313618Z,9177539,0.71800000,2000.00000000,sell,2022-05-14 21:56:42.313618+00:00
2022-05-14T21:56:42.313618Z,9177538,0.71800000,753.58000000,sell,2022-05-14 21:56:42.313618+00:00
2022-05-14T21:56:22.889849Z,9177537,0.71700000,270.26000000,buy,2022-05-14 21:56:22.889849+00:00
2022-05-14T21:56:21.043192Z,9177536,0.71700000,2082.84000000,buy,2022-05-14 21:56:21.043192+00:00
2022-05-14T21:56:20.958484Z,9177535,0.71700000,937.79000000,buy,2022-05-14 21:56:20.958484+00:00
2022-05-14T21:56:20.918992Z,9177534,0.71700000,2035.57000000,buy,2022-05-14 21:56:20.918992+00:00
2022-05-14T21:56:20.819258Z,9177533,0.71700000,270.26000000,buy,2022-05-14 21:56:20.819258+00:00
2022-05-14T21:56:20.80732Z,9177532,0.71700000,1012.00000000,buy,2022-05-14 21:56:20.807320+00:00
2022-05-14T21:56:20.80369Z,9177531,0.71700000,1975.24000000,buy,2022-05-14 21:56:20.803690+00:00
2022-05-14T21:56:20.494845Z,9177530,0.71700000,1092.09000000,buy,2022-05-14 21:56:20.494845+00:00
2022-05-14T21:56:20.083566Z,9177529,0.71700000,2031.25000000,buy,2022-05-14 21:56:20.083566+00:00
2022-05-14T21:56:19.928721Z,9177528,0.71700000,2011.25000000,buy,2022-05-14 21:56:19.928721+00:00
2022-05-14T21:56:19.778801Z,9177527,0.71700000,1929.02000000,buy,2022-05-14 21:56:19.778801+00:00
2022-05-14T21:56:19.657169Z,9177526,0.71700000,2045.11000000,buy,2022-05-14 21:56:19.657169+00:00
2022-05-14T21:56:19.527085Z,9177525,0.71700000,2081.13000000,buy,2022-05-14 21:56:19.527085+00:00
2022-05-14T21:56:18.432928Z,9177524,0.71700000,1893.07000000,buy,2022-05-14 21:56:18.432928+00:00
2022-05-14T21:56:18.334627Z,9177523,0.71700000,2035.00000000,buy,2022-05-14 21:56:18.334627+00:00
2022-05-14T21:56:18.217705Z,9177522,0.71700000,2050.95000000,buy,2022-05-14 21:56:18.217705+00:00
2022-05-14T21:56:18.033859Z,9177521,0.71700000,2075.55000000,buy,2022-05-14 21:56:18.033859+00:00
2022-05-14T21:56:17.928285Z,9177520,0.71700000,2065.86000000,buy,2022-05-14 21:56:17.928285+00:00
2022-05-14T21:56:17.808045Z,9177519,0.71700000,2079.67000000,buy,2022-05-14 21:56:17.808045+00:00
2022-05-14T21:56:17.681846Z,9177518,0.71700000,1934.76000000,buy,2022-05-14 21:56:17.681846+00:00
2022-05-14T21:56:17.55913Z,9177517,0.71700000,2015.25000000,buy,2022-05-14 21:56:17.559130+00:00
2022-05-14T21:56:17.459103Z,9177516,0.71700000,2048.44000000,buy,2022-05-14 21:56:17.459103+00:00
2022-05-14T21:56:17.356714Z,9177515,0.71700000,1908.45000000,buy,2022-05-14 21:56:17.356714+00:00
2022-05-14T21:56:17.304155Z,9177514,0.71700000,960.74000000,buy,2022-05-14 21:56:17.304155+00:00
2022-05-14T21:56:07.999907Z,9177513,0.71800000,940.74000000,sell,2022-05-14 21:56:07.999907+00:00
2022-05-14T21:56:07.98434Z,9177512,0.71800000,1059.26000000,sell,2022-05-14 21:56:07.984340+00:00
2022-05-14T21:55:53.455786Z,9177511,0.71700000,227.56000000,buy,2022-05-14 21:55:53.455786+00:00
2022-05-14T21:55:53.455786Z,9177510,0.71700000,43.20000000,buy,2022-05-14 21:55:53.455786+00:00
2022-05-14T21:55:50.344739Z,9177509,0.71900000,39.97000000,sell,2022-05-14 21:55:50.344739+00:00
2022-05-14T21:55:23.870706Z,9177508,0.71900000,20.00000000,sell,2022-05-14 21:55:23.870706+00:00
2022-05-14T21:55:21.485902Z,9177507,0.72000000,143.48000000,buy,2022-05-14 21:55:21.485902+00:00
2022-05-14T21:54:48.633877Z,9177506,0.72200000,1011.14000000,buy,2022-05-14 21:54:48.633877+00:00
2022-05-14T21:54:48.633877Z,9177505,0.72200000,1988.86000000,buy,2022-05-14 21:54:48.633877+00:00
2022-05-14T21:54:38.999196Z,9177504,0.72200000,325.02000000,sell,2022-05-14 21:54:38.999196+00:00
2022-05-14T21:54:38.803726Z,9177503,0.72200000,743.75000000,sell,2022-05-14 21:54:38.803726+00:00
2022-05-14T21:54:33.669073Z,9177502,0.72000000,6.60000000,buy,2022-05-14 21:54:33.669073+00:00
2022-05-14T21:54:33.171974Z,9177501,0.72200000,500.00000000,sell,2022-05-14 21:54:33.171974+00:00
2022-05-14T21:54:20.97357Z,9177500,0.72200000,49.69000000,sell,2022-05-14 21:54:20.973570+00:00
2022-05-14T21:54:12.68873Z,9177499,0.72200000,32.40000000,sell,2022-05-14 21:54:12.688730+00:00
2022-05-14T21:54:10.205449Z,9177498,0.72100000,34.33000000,buy,2022-05-14 21:54:10.205449+00:00
2022-05-14T21:53:27.075577Z,9177497,0.72200000,16.91000000,buy,2022-05-14 21:53:27.075577+00:00
2022-05-14T21:53:24.998572Z,9177496,0.72200000,20.00000000,sell,2022-05-14 21:53:24.998572+00:00
2022-05-14T21:53:24.998572Z,9177495,0.72200000,2000.00000000,sell,2022-05-14 21:53:24.998572+00:00
2022-05-14T21:53:08.269578Z,9177494,0.72100000,268.99000000,sell,2022-05-14 21:53:08.269578+00:00
2022-05-14T21:53:08.208671Z,9177493,0.72100000,163.41000000,buy,2022-05-14 21:53:08.208671+00:00
2022-05-14T21:53:04.255257Z,9177492,0.72200000,20.00000000,buy,2022-05-14 21:53:04.255257+00:00
2022-05-14T21:53:00.515645Z,9177491,0.72200000,9.74000000,buy,2022-05-14 21:53:00.515645+00:00
2022-05-14T21:53:00.515645Z,9177490,0.72200000,1.25000000,buy,2022-05-14 21:53:00.515645+00:00
2022-05-14T21:52:53.491093Z,9177489,0.72400000,1.41000000,sell,2022-05-14 21:52:53.491093+00:00
2022-05-14T21:52:50.821935Z,9177488,0.72400000,15.11000000,sell,2022-05-14 21:52:50.821935+00:00
2022-05-14T21:52:50.821935Z,9177487,0.72400000,20.00000000,sell,2022-05-14 21:52:50.821935+00:00
2022-05-14T21:52:46.600616Z,9177486,0.72300000,1500.00000000,buy,2022-05-14 21:52:46.600616+00:00
2022-05-14T21:52:39.063646Z,9177485,0.72600000,337.61000000,sell,2022-05-14 21:52:39.063646+00:00
2022-05-14T21:52:37.109774Z,9177484,0.72400000,96.49000000,buy,2022-05-14 21:52:37.109774+00:00
2022-05-14T21:52:12.151789Z,9177483,0.72600000,47.53000000,sell,2022-05-14 21:52:12.151789+00:00
2022-05-14T21:51:51.903396Z,9177482,0.72400000,64.87000000,buy,2022-05-14 21:51:51.903396+00:00
2022-05-14T21:51:51.580106Z,9177481,0.72600000,2.07000000,sell,2022-05-14 21:51:51.580106+00:00
2022-05-14T21:51:40.289945Z,9177480,0.72500000,1172.42000000,sell,2022-05-14 21:51:40.289945+00:00
2022-05-14T21:51:15.260806Z,9177479,0.72500000,1950.67000000,buy,2022-05-14 21:51:15.260806+00:00
2022-05-14T21:50:42.513181Z,9177478,0.72500000,91.23000000,sell,2022-05-14 21:50:42.513181+00:00
2022-05-14T21:50:30.201559Z,9177477,0.72300000,33.33000000,buy,2022-05-14 21:50:30.201559+00:00
2022-05-14T21:50:30.201559Z,9177476,0.72400000,20.00000000,buy,2022-05-14 21:50:30.201559+00:00
2022-05-14T21:50:11.99622Z,9177475,0.72800000,112.77000000,sell,2022-05-14 21:50:11.996220+00:00
2022-05-14T21:50:11.99622Z,9177474,0.72800000,20.00000000,sell,2022-05-14 21:50:11.996220+00:00
2022-05-14T21:50:01.725312Z,9177473,0.72700000,535.03000000,buy,2022-05-14 21:50:01.725312+00:00
2022-05-14T21:50:01.725312Z,9177472,0.72700000,167.14000000,buy,2022-05-14 21:50:01.725312+00:00
2022-05-14T21:50:01.725312Z,9177471,0.72800000,751.69000000,buy,2022-05-14 21:50:01.725312+00:00
2022-05-14T21:50:01.725312Z,9177470,0.72800000,1838.84000000,buy,2022-05-14 21:50:01.725312+00:00
2022-05-14T21:50:01.725312Z,9177469,0.72800000,2474.82000000,buy,2022-05-14 21:50:01.725312+00:00
2022-05-14T21:50:01.725312Z,9177468,0.72800000,84.52000000,buy,2022-05-14 21:50:01.725312+00:00
2022-05-14T21:49:40.974262Z,9177467,0.72800000,80.34000000,buy,2022-05-14 21:49:40.974262+00:00
2022-05-14T21:49:38.385281Z,9177466,0.72800000,117.65000000,buy,2022-05-14 21:49:38.385281+00:00
2022-05-14T21:49:38.385281Z,9177465,0.72800000,20.00000000,buy,2022-05-14 21:49:38.385281+00:00
2022-05-14T21:49:31.60706Z,9177464,0.72900000,13.72000000,sell,2022-05-14 21:49:31.607060+00:00
2022-05-14T21:49:31.555111Z,9177463,0.72900000,532.74000000,buy,2022-05-14 21:49:31.555111+00:00
2022-05-14T21:49:31.539358Z,9177462,0.72900000,262.74000000,sell,2022-05-14 21:49:31.539358+00:00
2022-05-14T21:49:31.539358Z,9177461,0.72900000,509.76000000,sell,2022-05-14 21:49:31.539358+00:00
2022-05-14T21:49:31.539358Z,9177460,0.72900000,20.00000000,sell,2022-05-14 21:49:31.539358+00:00
2022-05-14T21:49:31.539358Z,9177459,0.72900000,1965.55000000,sell,2022-05-14 21:49:31.539358+00:00
2022-05-14T21:49:24.630685Z,9177458,0.72800000,20.00000000,buy,2022-05-14 21:49:24.630685+00:00
2022-05-14T21:49:11.181025Z,9177457,0.72900000,34.45000000,sell,2022-05-14 21:49:11.181025+00:00
2022-05-14T21:48:57.396575Z,9177456,0.72900000,2000.00000000,sell,2022-05-14 21:48:57.396575+00:00
2022-05-14T21:48:57.396575Z,9177455,0.72900000,20.00000000,sell,2022-05-14 21:48:57.396575+00:00
2022-05-14T21:48:55.441805Z,9177454,0.72800000,509.76000000,buy,2022-05-14 21:48:55.441805+00:00
2022-05-14T21:48:55.339538Z,9177453,0.72800000,509.76000000,buy,2022-05-14 21:48:55.339538+00:00
2022-05-14T21:48:55.191304Z,9177452,0.72800000,509.76000000,buy,2022-05-14 21:48:55.191304+00:00
2022-05-14T21:48:55.074632Z,9177451,0.72800000,20.00000000,buy,2022-05-14 21:48:55.074632+00:00
2022-05-14T21:48:55.074632Z,9177450,0.72800000,509.76000000,buy,2022-05-14 21:48:55.074632+00:00
2022-05-14T21:48:53.832558Z,9177449,0.72700000,20.00000000,buy,2022-05-14 21:48:53.832558+00:00
2022-05-14T21:48:53.832558Z,9177448,0.72700000,509.76000000,buy,2022-05-14 21:48:53.832558+00:00
2022-05-14T21:48:53.63141Z,9177447,0.72700000,20.00000000,sell,2022-05-14 21:48:53.631410+00:00
2022-05-14T21:48:37.168585Z,9177446,0.72600000,250.00000000,buy,2022-05-14 21:48:37.168585+00:00
2022-05-14T21:48:24.391863Z,9177445,0.72600000,75.02000000,buy,2022-05-14 21:48:24.391863+00:00
2022-05-14T21:48:11.857739Z,9177444,0.72700000,509.76000000,buy,2022-05-14 21:48:11.857739+00:00
2022-05-14T21:48:11.788177Z,9177443,0.72800000,20.00000000,sell,2022-05-14 21:48:11.788177+00:00
2022-05-14T21:48:11.756032Z,9177442,0.72700000,20.00000000,buy,2022-05-14 21:48:11.756032+00:00
2022-05-14T21:48:11.756032Z,9177441,0.72700000,509.76000000,buy,2022-05-14 21:48:11.756032+00:00
2022-05-14T21:48:11.711776Z,9177440,0.72900000,23015.57000000,sell,2022-05-14 21:48:11.711776+00:00
2022-05-14T21:48:11.711776Z,9177439,0.72900000,12441.39000000,sell,2022-05-14 21:48:11.711776+00:00
2022-05-14T21:48:11.711776Z,9177438,0.72900000,164.55000000,sell,2022-05-14 21:48:11.711776+00:00
2022-05-14T21:48:11.711776Z,9177437,0.72800000,255.47000000,sell,2022-05-14 21:48:11.711776+00:00
2022-05-14T21:48:11.711776Z,9177436,0.72800000,20.00000000,sell,2022-05-14 21:48:11.711776+00:00
2022-05-14T21:48:11.711776Z,9177435,0.72800000,2010.35000000,sell,2022-05-14 21:48:11.711776+00:00
2022-05-14T21:48:11.711776Z,9177434,0.72800000,2000.00000000,sell,2022-05-14 21:48:11.711776+00:00
2022-05-14T21:48:11.711776Z,9177433,0.72800000,753.58000000,sell,2022-05-14 21:48:11.711776+00:00
2022-05-14T21:48:11.711776Z,9177432,0.72800000,172.51000000,sell,2022-05-14 21:48:11.711776+00:00
2022-05-14T21:48:05.311081Z,9177431,0.72700000,20.00000000,buy,2022-05-14 21:48:05.311081+00:00
2022-05-14T21:47:55.44161Z,9177430,0.72800000,20.00000000,sell,2022-05-14 21:47:55.441610+00:00
2022-05-14T21:47:55.44161Z,9177429,0.72800000,298.57000000,sell,2022-05-14 21:47:55.441610+00:00
2022-05-14T21:47:55.117819Z,9177428,0.72800000,1144.32000000,sell,2022-05-14 21:47:55.117819+00:00
2022-05-14T21:47:54.827308Z,9177427,0.72800000,557.11000000,sell,2022-05-14 21:47:54.827308+00:00
2022-05-14T21:47:54.827308Z,9177426,0.72800000,20.00000000,sell,2022-05-14 21:47:54.827308+00:00
2022-05-14T21:47:53.769213Z,9177425,0.72800000,336.81000000,sell,2022-05-14 21:47:53.769213+00:00
2022-05-14T21:47:47.845082Z,9177424,0.72700000,13.69000000,sell,2022-05-14 21:47:47.845082+00:00
2022-05-14T21:47:47.150073Z,9177423,0.72600000,442.98000000,buy,2022-05-14 21:47:47.150073+00:00
2022-05-14T21:47:47.041316Z,9177422,0.72600000,1887.93000000,buy,2022-05-14 21:47:47.041316+00:00
2022-05-14T21:47:42.434983Z,9177421,0.72600000,20.00000000,buy,2022-05-14 21:47:42.434983+00:00
2022-05-14T21:47:42.226884Z,9177420,0.72600000,20.00000000,buy,2022-05-14 21:47:42.226884+00:00
2022-05-14T21:47:21.111559Z,9177419,0.72800000,3.44000000,buy,2022-05-14 21:47:21.111559+00:00
2022-05-14T21:47:21.111559Z,9177418,0.72800000,625.01000000,buy,2022-05-14 21:47:21.111559+00:00
2022-05-14T21:47:21.094401Z,9177417,0.72800000,509.76000000,buy,2022-05-14 21:47:21.094401+00:00
2022-05-14T21:47:21.081908Z,9177416,0.72800000,1875.14000000,buy,2022-05-14 21:47:21.081908+00:00
2022-05-14T21:47:21.0818Z,9177415,0.72800000,410.02000000,buy,2022-05-14 21:47:21.081800+00:00
2022-05-14T21:47:21.069491Z,9177414,0.72800000,6724.73000000,buy,2022-05-14 21:47:21.069491+00:00
2022-05-14T21:47:21.052724Z,9177413,0.72800000,1474.42000000,sell,2022-05-14 21:47:21.052724+00:00
2022-05-14T21:47:21.052724Z,9177412,0.72800000,740.85000000,sell,2022-05-14 21:47:21.052724+00:00
2022-05-14T21:47:21.052724Z,9177411,0.72800000,870.41000000,sell,2022-05-14 21:47:21.052724+00:00
2022-05-14T21:47:21.052724Z,9177410,0.72800000,689.28000000,sell,2022-05-14 21:47:21.052724+00:00
2022-05-14T21:47:21.052724Z,9177409,0.72800000,1836.92000000,sell,2022-05-14 21:47:21.052724+00:00
2022-05-14T21:47:21.052724Z,9177408,0.72800000,2413.63000000,sell,2022-05-14 21:47:21.052724+00:00
2022-05-14T21:47:21.052724Z,9177407,0.72800000,509.76000000,sell,2022-05-14 21:47:21.052724+00:00
2022-05-14T21:47:21.052724Z,9177406,0.72800000,530.00000000,sell,2022-05-14 21:47:21.052724+00:00
2022-05-14T21:47:21.052724Z,9177405,0.72800000,156.14000000,sell,2022-05-14 21:47:21.052724+00:00
2022-05-14T21:47:21.052724Z,9177404,0.72700000,2122.67000000,sell,2022-05-14 21:47:21.052724+00:00
2022-05-14T21:47:21.052724Z,9177403,0.72700000,2332.75000000,sell,2022-05-14 21:47:21.052724+00:00
2022-05-14T21:47:21.052724Z,9177402,0.72700000,255.27000000,sell,2022-05-14 21:47:21.052724+00:00
2022-05-14T21:47:21.052724Z,9177401,0.72700000,509.76000000,sell,2022-05-14 21:47:21.052724+00:00
2022-05-14T21:47:21.052724Z,9177400,0.72700000,175.86000000,sell,2022-05-14 21:47:21.052724+00:00
2022-05-14T21:47:21.052724Z,9177399,0.72700000,4391.32000000,sell,2022-05-14 21:47:21.052724+00:00
2022-05-14T21:47:21.052724Z,9177398,0.72700000,1909.49000000,sell,2022-05-14 21:47:21.052724+00:00
2022-05-14T21:47:21.052724Z,9177397,0.72700000,490.00000000,sell,2022-05-14 21:47:21.052724+00:00
2022-05-14T21:47:21.052724Z,9177396,0.72700000,121.42000000,sell,2022-05-14 21:47:21.052724+00:00
2022-05-14T21:47:21.052724Z,9177395,0.72600000,440.00000000,sell,2022-05-14 21:47:21.052724+00:00
2022-05-14T21:47:21.052724Z,9177394,0.72600000,20.00000000,sell,2022-05-14 21:47:21.052724+00:00
2022-05-14T21:47:21.052724Z,9177393,0.72600000,2000.00000000,sell,2022-05-14 21:47:21.052724+00:00
2022-05-14T21:47:13.911623Z,9177392,0.72600000,1987.64000000,sell,2022-05-14 21:47:13.911623+00:00
2022-05-14T21:47:12.909647Z,9177391,0.72600000,12.36000000,sell,2022-05-14 21:47:12.909647+00:00
2022-05-14T21:46:54.292803Z,9177390,0.72700000,45.62000000,sell,2022-05-14 21:46:54.292803+00:00
2022-05-14T21:46:54.292803Z,9177389,0.72700000,20.00000000,sell,2022-05-14 21:46:54.292803+00:00
2022-05-14T21:46:24.909979Z,9177388,0.72800000,20.00000000,buy,2022-05-14 21:46:24.909979+00:00
2022-05-14T21:46:24.909979Z,9177387,0.72800000,476.76000000,buy,2022-05-14 21:46:24.909979+00:00
2022-05-14T21:46:23.317942Z,9177386,0.72800000,33.00000000,buy,2022-05-14 21:46:23.317942+00:00
2022-05-14T21:46:14.641009Z,9177385,0.72700000,311.41000000,buy,2022-05-14 21:46:14.641009+00:00
2022-05-14T21:46:14.641009Z,9177384,0.72700000,20.00000000,buy,2022-05-14 21:46:14.641009+00:00
2022-05-14T21:46:13.959799Z,9177383,0.72900000,1950.36000000,sell,2022-05-14 21:46:13.959799+00:00
2022-05-14T21:46:13.959799Z,9177382,0.72900000,509.76000000,sell,2022-05-14 21:46:13.959799+00:00
2022-05-14T21:46:13.959799Z,9177381,0.72900000,987.05000000,sell,2022-05-14 21:46:13.959799+00:00
2022-05-14T21:46:13.959799Z,9177380,0.72800000,2000.00000000,sell,2022-05-14 21:46:13.959799+00:00
2022-05-14T21:46:13.959799Z,9177379,0.72800000,20.00000000,sell,2022-05-14 21:46:13.959799+00:00
2022-05-14T21:45:49.538277Z,9177378,0.72500000,276.21000000,sell,2022-05-14 21:45:49.538277+00:00
2022-05-14T21:45:49.538277Z,9177377,0.72500000,20.00000000,sell,2022-05-14 21:45:49.538277+00:00
2022-05-14T21:45:43.319812Z,9177376,0.72300000,1199.99000000,buy,2022-05-14 21:45:43.319812+00:00
2022-05-14T21:45:18.20081Z,9177375,0.72700000,132.41000000,sell,2022-05-14 21:45:18.200810+00:00
2022-05-14T21:45:10.848004Z,9177374,0.72800000,200.00000000,sell,2022-05-14 21:45:10.848004+00:00
2022-05-14T21:44:57.931603Z,9177373,0.72800000,20.00000000,buy,2022-05-14 21:44:57.931603+00:00
2022-05-14T21:44:51.37169Z,9177372,0.72800000,20.00000000,buy,2022-05-14 21:44:51.371690+00:00
2022-05-14T21:44:51.26075Z,9177371,0.72800000,20.00000000,buy,2022-05-14 21:44:51.260750+00:00
2022-05-14T21:44:49.288607Z,9177370,0.72800000,275.28000000,sell,2022-05-14 21:44:49.288607+00:00
2022-05-14T21:44:49.288607Z,9177369,0.72800000,1.07000000,sell,2022-05-14 21:44:49.288607+00:00
2022-05-14T21:44:46.770221Z,9177368,0.72700000,20.00000000,sell,2022-05-14 21:44:46.770221+00:00
2022-05-14T21:44:46.770221Z,9177367,0.72700000,19.96000000,sell,2022-05-14 21:44:46.770221+00:00
2022-05-14T21:43:50.023863Z,9177366,0.72500000,0.36000000,buy,2022-05-14 21:43:50.023863+00:00
2022-05-14T21:43:32.778015Z,9177365,0.72600000,20.00000000,sell,2022-05-14 21:43:32.778015+00:00
2022-05-14T21:43:32.778015Z,9177364,0.72600000,42.88000000,sell,2022-05-14 21:43:32.778015+00:00
2022-05-14T21:43:25.470761Z,9177363,0.72400000,276.68000000,buy,2022-05-14 21:43:25.470761+00:00
2022-05-14T21:43:25.443453Z,9177362,0.72400000,276.68000000,sell,2022-05-14 21:43:25.443453+00:00
2022-05-14T21:43:25.422018Z,9177361,0.72400000,19.99000000,sell,2022-05-14 21:43:25.422018+00:00
2022-05-14T21:43:25.422018Z,9177360,0.72400000,276.62000000,sell,2022-05-14 21:43:25.422018+00:00
2022-05-14T21:43:25.422018Z,9177359,0.72400000,172.47000000,sell,2022-05-14 21:43:25.422018+00:00
2022-05-14T21:43:21.974193Z,9177358,0.72200000,85.07000000,buy,2022-05-14 21:43:21.974193+00:00
2022-05-14T21:43:17.712075Z,9177357,0.72300000,1.09000000,sell,2022-05-14 21:43:17.712075+00:00
2022-05-14T21:43:14.129916Z,9177356,0.72100000,3.55000000,buy,2022-05-14 21:43:14.129916+00:00
2022-05-14T21:43:14.129916Z,9177355,0.72200000,20.00000000,buy,2022-05-14 21:43:14.129916+00:00
2022-05-14T21:42:53.263456Z,9177354,0.72300000,20.00000000,buy,2022-05-14 21:42:53.263456+00:00
2022-05-14T21:42:48.569585Z,9177353,0.72400000,0.33000000,buy,2022-05-14 21:42:48.569585+00:00
2022-05-14T21:42:42.311277Z,9177352,0.72500000,20.00000000,buy,2022-05-14 21:42:42.311277+00:00
2022-05-14T21:42:42.311277Z,9177351,0.72500000,2280.51000000,buy,2022-05-14 21:42:42.311277+00:00
2022-05-14T21:42:41.009198Z,9177350,0.72500000,14.07000000,buy,2022-05-14 21:42:41.009198+00:00
2022-05-14T21:42:39.288729Z,9177349,0.72600000,0.32000000,sell,2022-05-14 21:42:39.288729+00:00
2022-05-14T21:42:31.523848Z,9177348,0.72500000,63.07000000,sell,2022-05-14 21:42:31.523848+00:00
2022-05-14T21:42:29.77304Z,9177347,0.72500000,34.85000000,sell,2022-05-14 21:42:29.773040+00:00
2022-05-14T21:42:08.918686Z,9177346,0.72300000,20.00000000,sell,2022-05-14 21:42:08.918686+00:00
2022-05-14T21:41:57.50342Z,9177345,0.72200000,20.00000000,buy,2022-05-14 21:41:57.503420+00:00
2022-05-14T21:41:41.670453Z,9177344,0.72200000,13.86000000,sell,2022-05-14 21:41:41.670453+00:00
2022-05-14T21:41:41.035088Z,9177343,0.72200000,12.45000000,sell,2022-05-14 21:41:41.035088+00:00
2022-05-14T21:41:39.95342Z,9177342,0.72300000,525.82000000,sell,2022-05-14 21:41:39.953420+00:00
2022-05-14T21:41:39.95342Z,9177341,0.72300000,5310.83000000,sell,2022-05-14 21:41:39.953420+00:00
2022-05-14T21:41:39.95342Z,9177340,0.72300000,12441.39000000,sell,2022-05-14 21:41:39.953420+00:00
2022-05-14T21:41:39.95342Z,9177339,0.72300000,1045.63000000,sell,2022-05-14 21:41:39.953420+00:00
2022-05-14T21:41:39.95342Z,9177338,0.72300000,588.58000000,sell,2022-05-14 21:41:39.953420+00:00
2022-05-14T21:41:39.95342Z,9177337,0.72300000,43.38000000,sell,2022-05-14 21:41:39.953420+00:00
2022-05-14T21:41:39.95342Z,9177336,0.72200000,238.15000000,sell,2022-05-14 21:41:39.953420+00:00
2022-05-14T21:41:39.95342Z,9177335,0.72200000,5003.57000000,sell,2022-05-14 21:41:39.953420+00:00
2022-05-14T21:41:39.95342Z,9177334,0.72200000,2100.36000000,sell,2022-05-14 21:41:39.953420+00:00
2022-05-14T21:41:39.95342Z,9177333,0.72200000,1532.78000000,sell,2022-05-14 21:41:39.953420+00:00
2022-05-14T21:41:39.95342Z,9177332,0.72200000,509.76000000,sell,2022-05-14 21:41:39.953420+00:00
2022-05-14T21:41:39.95342Z,9177331,0.72200000,1825.01000000,sell,2022-05-14 21:41:39.953420+00:00
2022-05-14T21:41:39.95342Z,9177330,0.72200000,2497.54000000,sell,2022-05-14 21:41:39.953420+00:00
2022-05-14T21:41:39.95342Z,9177329,0.72200000,13.91000000,sell,2022-05-14 21:41:39.953420+00:00
2022-05-14T21:41:39.95342Z,9177328,0.72200000,15.00000000,sell,2022-05-14 21:41:39.953420+00:00
2022-05-14T21:41:39.95342Z,9177327,0.72100000,148.04000000,sell,2022-05-14 21:41:39.953420+00:00
2022-05-14T21:41:39.95342Z,9177326,0.72100000,509.76000000,sell,2022-05-14 21:41:39.953420+00:00
2022-05-14T21:41:39.95342Z,9177325,0.72100000,12.66000000,sell,2022-05-14 21:41:39.953420+00:00
2022-05-14T21:41:39.95342Z,9177324,0.72100000,8.50000000,sell,2022-05-14 21:41:39.953420+00:00
2022-05-14T21:41:39.193972Z,9177323,0.72000000,20.00000000,sell,2022-05-14 21:41:39.193972+00:00
2022-05-14T21:41:36.083468Z,9177322,0.71900000,31.58000000,buy,2022-05-14 21:41:36.083468+00:00
2022-05-14T21:41:36.083468Z,9177321,0.72000000,20.00000000,buy,2022-05-14 21:41:36.083468+00:00
2022-05-14T21:41:36.074505Z,9177320,0.72000000,13.89000000,buy,2022-05-14 21:41:36.074505+00:00
2022-05-14T21:41:34.896743Z,9177319,0.71900000,230.51000000,sell,2022-05-14 21:41:34.896743+00:00
2022-05-14T21:41:34.896743Z,9177318,0.71900000,43.62000000,sell,2022-05-14 21:41:34.896743+00:00
2022-05-14T21:41:30.763924Z,9177317,0.71800000,1.20000000,sell,2022-05-14 21:41:30.763924+00:00
2022-05-14T21:41:04.102479Z,9177316,0.71600000,262.62000000,buy,2022-05-14 21:41:04.102479+00:00
2022-05-14T21:41:04.049054Z,9177315,0.71600000,1198.46000000,sell,2022-05-14 21:41:04.049054+00:00
2022-05-14T21:41:04.036507Z,9177314,0.71600000,1038.64000000,sell,2022-05-14 21:41:04.036507+00:00
2022-05-14T21:41:02.976536Z,9177313,0.71600000,1142.94000000,sell,2022-05-14 21:41:02.976536+00:00
2022-05-14T21:41:02.700962Z,9177312,0.71600000,1233.39000000,sell,2022-05-14 21:41:02.700962+00:00
2022-05-14T21:41:01.175869Z,9177311,0.71600000,1331.00000000,sell,2022-05-14 21:41:01.175869+00:00
2022-05-14T21:40:52.182009Z,9177310,0.71600000,2380.67000000,buy,2022-05-14 21:40:52.182009+00:00
2022-05-14T21:40:51.80415Z,9177309,0.71600000,1990.96000000,sell,2022-05-14 21:40:51.804150+00:00
2022-05-14T21:40:51.72048Z,9177308,0.71600000,329.57000000,sell,2022-05-14 21:40:51.720480+00:00
2022-05-14T21:40:51.690899Z,9177307,0.71600000,1922.95000000,sell,2022-05-14 21:40:51.690899+00:00
2022-05-14T21:40:51.557006Z,9177306,0.71600000,1955.15000000,sell,2022-05-14 21:40:51.557006+00:00
2022-05-14T21:40:51.411248Z,9177305,0.71600000,2016.80000000,sell,2022-05-14 21:40:51.411248+00:00
2022-05-14T21:40:51.275006Z,9177304,0.71600000,2090.67000000,sell,2022-05-14 21:40:51.275006+00:00
2022-05-14T21:40:51.16443Z,9177303,0.71600000,1917.28000000,sell,2022-05-14 21:40:51.164430+00:00
2022-05-14T21:40:51.043641Z,9177302,0.71600000,1961.98000000,sell,2022-05-14 21:40:51.043641+00:00
2022-05-14T21:40:50.893838Z,9177301,0.71600000,1924.54000000,sell,2022-05-14 21:40:50.893838+00:00
2022-05-14T21:40:50.742113Z,9177300,0.71600000,2011.08000000,sell,2022-05-14 21:40:50.742113+00:00
2022-05-14T21:40:50.627414Z,9177299,0.71600000,1964.99000000,sell,2022-05-14 21:40:50.627414+00:00
2022-05-14T21:40:50.508495Z,9177298,0.71600000,2086.02000000,sell,2022-05-14 21:40:50.508495+00:00
2022-05-14T21:40:50.404488Z,9177297,0.71600000,1973.78000000,sell,2022-05-14 21:40:50.404488+00:00
2022-05-14T21:40:50.262748Z,9177296,0.71600000,1954.31000000,sell,2022-05-14 21:40:50.262748+00:00
2022-05-14T21:40:50.154546Z,9177295,0.71600000,2016.19000000,sell,2022-05-14 21:40:50.154546+00:00
2022-05-14T21:40:50.00455Z,9177294,0.71600000,329.57000000,sell,2022-05-14 21:40:50.004550+00:00
2022-05-14T21:40:50.000844Z,9177293,0.71600000,2020.25000000,sell,2022-05-14 21:40:50.000844+00:00
2022-05-14T21:40:46.348108Z,9177292,0.71600000,34610.02000000,sell,2022-05-14 21:40:46.348108+00:00
2022-05-14T21:40:32.29027Z,9177291,0.71600000,66.72000000,sell,2022-05-14 21:40:32.290270+00:00
2022-05-14T21:40:20.555011Z,9177290,0.71500000,1946.36000000,sell,2022-05-14 21:40:20.555011+00:00
2022-05-14T21:40:20.277116Z,9177289,0.71500000,10.00000000,sell,2022-05-14 21:40:20.277116+00:00
2022-05-14T21:40:20.277116Z,9177288,0.71500000,43.87000000,sell,2022-05-14 21:40:20.277116+00:00
2022-05-14T21:40:19.076317Z,9177287,0.71400000,20.00000000,sell,2022-05-14 21:40:19.076317+00:00
2022-05-14T21:40:19.076317Z,9177286,0.71400000,0.39000000,sell,2022-05-14 21:40:19.076317+00:00
2022-05-14T21:39:26.550952Z,9177285,0.71300000,20.07000000,buy,2022-05-14 21:39:26.550952+00:00
2022-05-14T21:39:23.853411Z,9177284,0.71300000,349.48000000,sell,2022-05-14 21:39:23.853411+00:00
2022-05-14T21:39:23.706498Z,9177283,0.71300000,2063.81000000,sell,2022-05-14 21:39:23.706498+00:00
2022-05-14T21:39:10.397755Z,9177282,0.71300000,192.42000000,buy,2022-05-14 21:39:10.397755+00:00
2022-05-14T21:39:02.578249Z,9177281,0.71300000,568.56000000,buy,2022-05-14 21:39:02.578249+00:00
2022-05-14T21:37:28.892645Z,9177280,0.71200000,44.06000000,sell,2022-05-14 21:37:28.892645+00:00
2022-05-14T21:36:58.959777Z,9177279,0.71100000,29.39000000,sell,2022-05-14 21:36:58.959777+00:00
2022-05-14T21:36:32.21884Z,9177278,0.71000000,12.33000000,buy,2022-05-14 21:36:32.218840+00:00
2022-05-14T21:36:32.21884Z,9177277,0.71000000,173.50000000,buy,2022-05-14 21:36:32.218840+00:00
2022-05-14T21:36:20.68041Z,9177276,0.71000000,0.64000000,buy,2022-05-14 21:36:20.680410+00:00
2022-05-14T21:34:56.807141Z,9177275,0.71100000,128.48000000,sell,2022-05-14 21:34:56.807141+00:00
2022-05-14T21:34:56.807141Z,9177274,0.71100000,7.28000000,sell,2022-05-14 21:34:56.807141+00:00
2022-05-14T21:34:37.739152Z,9177273,0.71000000,525.00000000,buy,2022-05-14 21:34:37.739152+00:00
2022-05-14T21:33:43.334866Z,9177272,0.71000000,0.86000000,buy,2022-05-14 21:33:43.334866+00:00
2022-05-14T21:33:35.886095Z,9177271,0.71100000,12.66000000,sell,2022-05-14 21:33:35.886095+00:00
2022-05-14T21:33:34.947841Z,9177270,0.71100000,0.02000000,sell,2022-05-14 21:33:34.947841+00:00
2022-05-14T21:33:34.947841Z,9177269,0.71100000,12.60000000,sell,2022-05-14 21:33:34.947841+00:00
2022-05-14T21:32:04.830149Z,9177268,0.71000000,142.25000000,buy,2022-05-14 21:32:04.830149+00:00
2022-05-14T21:32:02.851625Z,9177267,0.71000000,100.00000000,buy,2022-05-14 21:32:02.851625+00:00
2022-05-14T21:31:50.873761Z,9177266,0.71100000,25.90000000,sell,2022-05-14 21:31:50.873761+00:00
2022-05-14T21:30:54.692241Z,9177265,0.71000000,140.33000000,sell,2022-05-14 21:30:54.692241+00:00
2022-05-14T21:30:44.245184Z,9177264,0.70900000,296.16000000,sell,2022-05-14 21:30:44.245184+00:00
2022-05-14T21:30:44.14653Z,9177263,0.70900000,2009.03000000,sell,2022-05-14 21:30:44.146530+00:00
2022-05-14T21:30:33.097863Z,9177262,0.71000000,14.09000000,sell,2022-05-14 21:30:33.097863+00:00
2022-05-14T21:30:32.162258Z,9177261,0.71000000,85.47000000,sell,2022-05-14 21:30:32.162258+00:00
2022-05-14T21:30:32.162258Z,9177260,0.71000000,42.37000000,sell,2022-05-14 21:30:32.162258+00:00
2022-05-14T21:30:32.162258Z,9177259,0.71000000,8.50000000,sell,2022-05-14 21:30:32.162258+00:00
2022-05-14T21:30:10.005138Z,9177258,0.70800000,3.45000000,sell,2022-05-14 21:30:10.005138+00:00
2022-05-14T21:30:03.124484Z,9177257,0.70600000,26.79000000,buy,2022-05-14 21:30:03.124484+00:00
2022-05-14T21:29:57.10299Z,9177256,0.70800000,62.73000000,sell,2022-05-14 21:29:57.102990+00:00
2022-05-14T21:29:57.10299Z,9177255,0.70800000,44.31000000,sell,2022-05-14 21:29:57.102990+00:00
2022-05-14T21:29:17.573189Z,9177254,0.70700000,7.04000000,sell,2022-05-14 21:29:17.573189+00:00
2022-05-14T21:28:51.342743Z,9177253,0.70700000,5.40000000,sell,2022-05-14 21:28:51.342743+00:00
2022-05-14T21:28:11.299357Z,9177252,0.70500000,162.80000000,buy,2022-05-14 21:28:11.299357+00:00
2022-05-14T21:28:11.299357Z,9177251,0.70500000,20.00000000,buy,2022-05-14 21:28:11.299357+00:00
2022-05-14T21:28:05.579115Z,9177250,0.70600000,136.73000000,sell,2022-05-14 21:28:05.579115+00:00
2022-05-14T21:28:05.30835Z,9177249,0.70400000,78.45000000,buy,2022-05-14 21:28:05.308350+00:00
2022-05-14T21:28:03.87867Z,9177248,0.70600000,2.15000000,sell,2022-05-14 21:28:03.878670+00:00
2022-05-14T21:27:59.097128Z,9177247,0.70400000,60.00000000,buy,2022-05-14 21:27:59.097128+00:00
2022-05-14T21:27:50.552724Z,9177246,0.70600000,82.99000000,sell,2022-05-14 21:27:50.552724+00:00
2022-05-14T21:27:26.563577Z,9177245,0.70600000,1.19000000,sell,2022-05-14 21:27:26.563577+00:00
2022-05-14T21:27:00.923593Z,9177244,0.70600000,5.35000000,sell,2022-05-14 21:27:00.923593+00:00
2022-05-14T21:26:37.143807Z,9177243,0.70500000,127.12000000,sell,2022-05-14 21:26:37.143807+00:00
2022-05-14T21:26:10.71372Z,9177242,0.70600000,14.07000000,sell,2022-05-14 21:26:10.713720+00:00
2022-05-14T21:26:01.841932Z,9177241,0.70500000,28.19000000,sell,2022-05-14 21:26:01.841932+00:00
2022-05-14T21:25:43.202341Z,9177240,0.70400000,112.84000000,buy,2022-05-14 21:25:43.202341+00:00
2022-05-14T21:25:37.133995Z,9177239,0.70500000,138.96000000,sell,2022-05-14 21:25:37.133995+00:00
2022-05-14T21:25:33.082078Z,9177238,0.70500000,1413.27000000,sell,2022-05-14 21:25:33.082078+00:00
2022-05-14T21:25:28.38839Z,9177237,0.70300000,3.83000000,buy,2022-05-14 21:25:28.388390+00:00
2022-05-14T21:25:28.38839Z,9177236,0.70400000,0.94000000,buy,2022-05-14 21:25:28.388390+00:00
2022-05-14T21:25:24.105102Z,9177235,0.70500000,48.80000000,sell,2022-05-14 21:25:24.105102+00:00
2022-05-14T21:25:24.105102Z,9177234,0.70500000,284.08000000,sell,2022-05-14 21:25:24.105102+00:00
2022-05-14T21:25:24.105102Z,9177233,0.70500000,153.63000000,sell,2022-05-14 21:25:24.105102+00:00
2022-05-14T21:25:24.105102Z,9177232,0.70500000,390.00000000,sell,2022-05-14 21:25:24.105102+00:00
2022-05-14T21:25:24.105102Z,9177231,0.70500000,509.76000000,sell,2022-05-14 21:25:24.105102+00:00
2022-05-14T21:25:06.090752Z,9177230,0.70400000,10.02000000,buy,2022-05-14 21:25:06.090752+00:00
2022-05-14T21:25:01.018966Z,9177229,0.70400000,1.88000000,buy,2022-05-14 21:25:01.018966+00:00
2022-05-14T21:24:55.657897Z,9177228,0.70500000,150.56000000,sell,2022-05-14 21:24:55.657897+00:00
2022-05-14T21:24:55.657897Z,9177227,0.70500000,29.90000000,sell,2022-05-14 21:24:55.657897+00:00
2022-05-14T21:23:56.400224Z,9177226,0.70500000,0.47000000,sell,2022-05-14 21:23:56.400224+00:00
2022-05-14T21:23:56.400224Z,9177225,0.70400000,3.10000000,sell,2022-05-14 21:23:56.400224+00:00
2022-05-14T21:23:41.414065Z,9177224,0.70400000,20.00000000,sell,2022-05-14 21:23:41.414065+00:00
2022-05-14T21:23:41.414065Z,9177223,0.70400000,44.31000000,sell,2022-05-14 21:23:41.414065+00:00
2022-05-14T21:23:30.152563Z,9177222,0.70400000,1.50000000,sell,2022-05-14 21:23:30.152563+00:00
2022-05-14T21:23:02.511012Z,9177221,0.70400000,39.97000000,buy,2022-05-14 21:23:02.511012+00:00
2022-05-14T21:22:42.186766Z,9177220,0.70400000,20.00000000,sell,2022-05-14 21:22:42.186766+00:00
2022-05-14T21:22:42.186766Z,9177219,0.70400000,88.04000000,sell,2022-05-14 21:22:42.186766+00:00
2022-05-14T21:22:40.994307Z,9177218,0.70400000,20.00000000,buy,2022-05-14 21:22:40.994307+00:00
2022-05-14T21:22:40.994307Z,9177217,0.70400000,86.57000000,buy,2022-05-14 21:22:40.994307+00:00
2022-05-14T21:22:36.764555Z,9177216,0.70400000,28.61000000,buy,2022-05-14 21:22:36.764555+00:00
2022-05-14T21:22:35.469072Z,9177215,0.70400000,28.65000000,buy,2022-05-14 21:22:35.469072+00:00
2022-05-14T21:22:23.681065Z,9177214,0.70400000,15.00000000,buy,2022-05-14 21:22:23.681065+00:00
2022-05-14T21:22:09.866376Z,9177213,0.70500000,14.13000000,sell,2022-05-14 21:22:09.866376+00:00
2022-05-14T21:21:59.130223Z,9177212,0.70400000,20.00000000,sell,2022-05-14 21:21:59.130223+00:00
2022-05-14T21:21:59.130223Z,9177211,0.70400000,20.75000000,sell,2022-05-14 21:21:59.130223+00:00
2022-05-14T21:21:54.612025Z,9177210,0.70400000,104.36000000,sell,2022-05-14 21:21:54.612025+00:00
2022-05-14T21:21:40.995172Z,9177209,0.70400000,20.00000000,buy,2022-05-14 21:21:40.995172+00:00
2022-05-14T21:21:40.995172Z,9177208,0.70400000,135.43000000,buy,2022-05-14 21:21:40.995172+00:00
2022-05-14T21:21:06.964941Z,9177207,0.70300000,0.01000000,buy,2022-05-14 21:21:06.964941+00:00
2022-05-14T21:21:06.964885Z,9177206,0.70300000,759.99000000,buy,2022-05-14 21:21:06.964885+00:00
2022-05-14T21:20:45.028308Z,9177205,0.70300000,20.00000000,buy,2022-05-14 21:20:45.028308+00:00
2022-05-14T21:20:45.028308Z,9177204,0.70300000,304.00000000,buy,2022-05-14 21:20:45.028308+00:00
2022-05-14T21:20:37.663856Z,9177203,0.70300000,2.83000000,sell,2022-05-14 21:20:37.663856+00:00
2022-05-14T21:20:37.663856Z,9177202,0.70300000,0.96000000,sell,2022-05-14 21:20:37.663856+00:00
2022-05-14T21:20:28.967282Z,9177201,0.70200000,63.68000000,sell,2022-05-14 21:20:28.967282+00:00
2022-05-14T21:20:25.194924Z,9177200,0.70200000,80.00000000,buy,2022-05-14 21:20:25.194924+00:00
2022-05-14T21:20:10.186646Z,9177199,0.70200000,530.00000000,sell,2022-05-14 21:20:10.186646+00:00
2022-05-14T21:20:00.02642Z,9177198,0.70200000,205.60000000,buy,2022-05-14 21:20:00.026420+00:00
2022-05-14T21:19:20.946937Z,9177197,0.70100000,86.02000000,buy,2022-05-14 21:19:20.946937+00:00
2022-05-14T21:19:11.414128Z,9177196,0.70200000,142.46000000,sell,2022-05-14 21:19:11.414128+00:00
2022-05-14T21:19:06.454981Z,9177195,0.70200000,26.24000000,sell,2022-05-14 21:19:06.454981+00:00
2022-05-14T21:19:02.232603Z,9177194,0.70200000,233.25000000,sell,2022-05-14 21:19:02.232603+00:00
2022-05-14T21:18:47.268847Z,9177193,0.70200000,0.37000000,sell,2022-05-14 21:18:47.268847+00:00
2022-05-14T21:18:23.053105Z,9177192,0.70200000,1.26000000,sell,2022-05-14 21:18:23.053105+00:00
2022-05-14T21:17:34.303298Z,9177191,0.70200000,33.45000000,sell,2022-05-14 21:17:34.303298+00:00
2022-05-14T21:17:20.515121Z,9177190,0.70200000,1.38000000,sell,2022-05-14 21:17:20.515121+00:00
2022-05-14T21:17:12.784672Z,9177189,0.70200000,40.07000000,sell,2022-05-14 21:17:12.784672+00:00
2022-05-14T21:17:02.625476Z,9177188,0.70000000,78.04000000,buy,2022-05-14 21:17:02.625476+00:00
2022-05-14T21:17:02.625476Z,9177187,0.70100000,760.00000000,buy,2022-05-14 21:17:02.625476+00:00
2022-05-14T21:17:02.625476Z,9177186,0.70100000,304.00000000,buy,2022-05-14 21:17:02.625476+00:00
2022-05-14T21:16:39.697476Z,9177185,0.70200000,5.59000000,sell,2022-05-14 21:16:39.697476+00:00
2022-05-14T21:16:29.564342Z,9177184,0.70100000,8.86000000,sell,2022-05-14 21:16:29.564342+00:00
2022-05-14T21:16:10.427357Z,9177183,0.70100000,20.00000000,sell,2022-05-14 21:16:10.427357+00:00
2022-05-14T21:15:47.899501Z,9177182,0.70100000,114.74000000,sell,2022-05-14 21:15:47.899501+00:00
2022-05-14T21:15:47.899501Z,9177181,0.70100000,21.95000000,sell,2022-05-14 21:15:47.899501+00:00
2022-05-14T21:15:39.50809Z,9177180,0.70100000,282.05000000,sell,2022-05-14 21:15:39.508090+00:00
2022-05-14T21:15:34.60121Z,9177179,0.70000000,7.11000000,sell,2022-05-14 21:15:34.601210+00:00
2022-05-14T21:14:50.935626Z,9177178,0.69900000,1.15000000,sell,2022-05-14 21:14:50.935626+00:00
2022-05-14T21:14:49.917041Z,9177177,0.69800000,8.22000000,buy,2022-05-14 21:14:49.917041+00:00
2022-05-14T21:14:09.435507Z,9177176,0.69700000,20.00000000,sell,2022-05-14 21:14:09.435507+00:00
2022-05-14T21:13:52.950309Z,9177175,0.69700000,20.00000000,sell,2022-05-14 21:13:52.950309+00:00
2022-05-14T21:13:52.934627Z,9177174,0.69700000,20.00000000,sell,2022-05-14 21:13:52.934627+00:00
2022-05-14T21:13:47.687588Z,9177173,0.69600000,81.58000000,sell,2022-05-14 21:13:47.687588+00:00
2022-05-14T21:13:31.859095Z,9177172,0.69500000,107.82000000,buy,2022-05-14 21:13:31.859095+00:00
2022-05-14T21:13:25.527262Z,9177171,0.69400000,2.82000000,buy,2022-05-14 21:13:25.527262+00:00
2022-05-14T21:13:23.968039Z,9177170,0.69500000,20.00000000,buy,2022-05-14 21:13:23.968039+00:00
2022-05-14T21:12:31.751271Z,9177169,0.69700000,2.82000000,sell,2022-05-14 21:12:31.751271+00:00
2022-05-14T21:12:26.642664Z,9177168,0.69600000,4.79000000,buy,2022-05-14 21:12:26.642664+00:00
2022-05-14T21:12:17.496446Z,9177167,0.69700000,12.86000000,sell,2022-05-14 21:12:17.496446+00:00
2022-05-14T21:11:53.82767Z,9177166,0.69600000,20.00000000,sell,2022-05-14 21:11:53.827670+00:00
2022-05-14T21:11:53.82767Z,9177165,0.69600000,137.25000000,sell,2022-05-14 21:11:53.827670+00:00
2022-05-14T21:11:49.535332Z,9177164,0.69600000,26.80000000,buy,2022-05-14 21:11:49.535332+00:00
2022-05-14T21:11:40.225802Z,9177163,0.69700000,204.58000000,sell,2022-05-14 21:11:40.225802+00:00
2022-05-14T21:11:05.069075Z,9177162,0.69900000,15.72000000,buy,2022-05-14 21:11:05.069075+00:00
2022-05-14T21:11:03.143357Z,9177161,0.70000000,15.72000000,sell,2022-05-14 21:11:03.143357+00:00
2022-05-14T21:10:58.239847Z,9177160,0.70000000,110.92000000,buy,2022-05-14 21:10:58.239847+00:00
2022-05-14T21:10:58.239847Z,9177159,0.70000000,20.00000000,buy,2022-05-14 21:10:58.239847+00:00
2022-05-14T21:10:56.691857Z,9177158,0.70100000,20.00000000,buy,2022-05-14 21:10:56.691857+00:00
2022-05-14T21:10:56.691857Z,9177157,0.70100000,98.72000000,buy,2022-05-14 21:10:56.691857+00:00
2022-05-14T21:09:59.401804Z,9177156,0.70200000,10.00000000,sell,2022-05-14 21:09:59.401804+00:00
2022-05-14T21:09:59.401804Z,9177155,0.70200000,1190.00000000,sell,2022-05-14 21:09:59.401804+00:00
2022-05-14T21:09:59.374647Z,9177154,0.70200000,20.00000000,buy,2022-05-14 21:09:59.374647+00:00
2022-05-14T21:09:35.012998Z,9177153,0.70300000,11.37000000,sell,2022-05-14 21:09:35.012998+00:00
2022-05-14T21:09:32.343694Z,9177152,0.70200000,20.00000000,sell,2022-05-14 21:09:32.343694+00:00
2022-05-14T21:09:32.343694Z,9177151,0.70200000,44.70000000,sell,2022-05-14 21:09:32.343694+00:00
2022-05-14T21:09:03.968715Z,9177150,0.69900000,20.00000000,buy,2022-05-14 21:09:03.968715+00:00
2022-05-14T21:08:48.170547Z,9177149,0.69900000,8.05000000,sell,2022-05-14 21:08:48.170547+00:00
2022-05-14T21:08:48.170547Z,9177148,0.69900000,20.00000000,sell,2022-05-14 21:08:48.170547+00:00
2022-05-14T21:08:48.170547Z,9177147,0.69900000,0.56000000,sell,2022-05-14 21:08:48.170547+00:00
2022-05-14T21:08:48.118186Z,9177146,0.69800000,244.52000000,buy,2022-05-14 21:08:48.118186+00:00
2022-05-14T21:08:48.118186Z,9177145,0.69800000,155.48000000,buy,2022-05-14 21:08:48.118186+00:00
2022-05-14T21:08:30.220176Z,9177144,0.69900000,14.37000000,sell,2022-05-14 21:08:30.220176+00:00
2022-05-14T21:08:30.220176Z,9177143,0.69900000,16.25000000,sell,2022-05-14 21:08:30.220176+00:00
2022-05-14T21:08:19.454759Z,9177142,0.69900000,25.00000000,sell,2022-05-14 21:08:19.454759+00:00
2022-05-14T21:08:18.391119Z,9177141,0.69900000,304.00000000,buy,2022-05-14 21:08:18.391119+00:00
2022-05-14T21:08:08.208692Z,9177140,0.69900000,140.36000000,sell,2022-05-14 21:08:08.208692+00:00
2022-05-14T21:07:52.29432Z,9177139,0.69800000,148.52000000,buy,2022-05-14 21:07:52.294320+00:00
2022-05-14T21:07:39.316821Z,9177138,0.69900000,20.00000000,buy,2022-05-14 21:07:39.316821+00:00
2022-05-14T21:07:39.316821Z,9177137,0.69900000,23.93000000,buy,2022-05-14 21:07:39.316821+00:00
2022-05-14T21:07:33.851436Z,9177136,0.69800000,133.22000000,buy,2022-05-14 21:07:33.851436+00:00
2022-05-14T21:07:09.392956Z,9177135,0.69700000,20.00000000,sell,2022-05-14 21:07:09.392956+00:00
2022-05-14T21:07:09.392956Z,9177134,0.69700000,145.49000000,sell,2022-05-14 21:07:09.392956+00:00
2022-05-14T21:06:46.828085Z,9177133,0.69600000,86.29000000,sell,2022-05-14 21:06:46.828085+00:00
2022-05-14T21:06:42.246489Z,9177132,0.69600000,350.00000000,buy,2022-05-14 21:06:42.246489+00:00
2022-05-14T21:06:31.702118Z,9177131,0.69500000,2324.12000000,buy,2022-05-14 21:06:31.702118+00:00
2022-05-14T21:06:29.200587Z,9177130,0.69500000,0.46000000,sell,2022-05-14 21:06:29.200587+00:00
2022-05-14T21:06:25.662985Z,9177129,0.69400000,20.00000000,sell,2022-05-14 21:06:25.662985+00:00
2022-05-14T21:06:25.662985Z,9177128,0.69400000,10.50000000,sell,2022-05-14 21:06:25.662985+00:00
2022-05-14T21:06:16.492946Z,9177127,0.69300000,107.63000000,sell,2022-05-14 21:06:16.492946+00:00
2022-05-14T21:05:36.42102Z,9177126,0.69200000,13.00000000,buy,2022-05-14 21:05:36.421020+00:00
2022-05-14T21:05:31.143112Z,9177125,0.69200000,285.83000000,buy,2022-05-14 21:05:31.143112+00:00
2022-05-14T21:05:31.143112Z,9177124,0.69200000,28.91000000,buy,2022-05-14 21:05:31.143112+00:00
2022-05-14T21:05:30.423804Z,9177123,0.69300000,2403.92000000,buy,2022-05-14 21:05:30.423804+00:00
2022-05-14T21:05:28.152228Z,9177122,0.69300000,28.63000000,buy,2022-05-14 21:05:28.152228+00:00
2022-05-14T21:05:28.152228Z,9177121,0.69300000,44.70000000,buy,2022-05-14 21:05:28.152228+00:00
2022-05-14T21:05:18.502016Z,9177120,0.69400000,14.32000000,sell,2022-05-14 21:05:18.502016+00:00
2022-05-14T21:05:16.997994Z,9177119,0.69400000,132.29000000,buy,2022-05-14 21:05:16.997994+00:00
2022-05-14T21:05:04.171151Z,9177118,0.69500000,3.74000000,sell,2022-05-14 21:05:04.171151+00:00
2022-05-14T21:05:04.171151Z,9177117,0.69500000,6.26000000,sell,2022-05-14 21:05:04.171151+00:00
2022-05-14T21:04:58.628825Z,9177116,0.69400000,280.08000000,buy,2022-05-14 21:04:58.628825+00:00
2022-05-14T21:04:17.972826Z,9177115,0.69500000,20.07000000,buy,2022-05-14 21:04:17.972826+00:00
2022-05-14T21:04:17.146524Z,9177114,0.69700000,2.12000000,sell,2022-05-14 21:04:17.146524+00:00
2022-05-14T21:04:17.146524Z,9177113,0.69700000,5.02000000,sell,2022-05-14 21:04:17.146524+00:00
2022-05-14T21:04:16.54038Z,9177112,0.69600000,10.00000000,buy,2022-05-14 21:04:16.540380+00:00
2022-05-14T21:03:58.967256Z,9177111,0.69700000,90.00000000,sell,2022-05-14 21:03:58.967256+00:00
2022-05-14T21:03:43.960574Z,9177110,0.69700000,101.85000000,buy,2022-05-14 21:03:43.960574+00:00
2022-05-14T21:03:10.941478Z,9177109,0.69700000,6.93000000,buy,2022-05-14 21:03:10.941478+00:00
2022-05-14T21:03:07.228183Z,9177108,0.69700000,6.04000000,buy,2022-05-14 21:03:07.228183+00:00
2022-05-14T21:03:07.228183Z,9177107,0.69800000,20.00000000,buy,2022-05-14 21:03:07.228183+00:00
2022-05-14T21:03:07.228183Z,9177106,0.69800000,28.65000000,buy,2022-05-14 21:03:07.228183+00:00
2022-05-14T21:02:36.75049Z,9177105,0.69800000,100.00000000,buy,2022-05-14 21:02:36.750490+00:00
2022-05-14T21:02:13.666181Z,9177104,0.69800000,304.00000000,buy,2022-05-14 21:02:13.666181+00:00
2022-05-14T21:02:13.666181Z,9177103,0.69800000,509.76000000,buy,2022-05-14 21:02:13.666181+00:00
2022-05-14T21:02:13.64923Z,9177102,0.69800000,20.00000000,sell,2022-05-14 21:02:13.649230+00:00
2022-05-14T21:02:08.603272Z,9177101,0.69800000,1.19000000,sell,2022-05-14 21:02:08.603272+00:00
2022-05-14T21:01:49.658926Z,9177100,0.69900000,3.42000000,sell,2022-05-14 21:01:49.658926+00:00
2022-05-14T21:01:40.431235Z,9177099,0.69800000,20.00000000,buy,2022-05-14 21:01:40.431235+00:00
2022-05-14T21:01:29.474914Z,9177098,0.69800000,470.00000000,buy,2022-05-14 21:01:29.474914+00:00
2022-05-14T21:01:29.474914Z,9177097,0.69800000,20.00000000,buy,2022-05-14 21:01:29.474914+00:00
2022-05-14T21:01:18.43693Z,9177096,0.69700000,20.00000000,buy,2022-05-14 21:01:18.436930+00:00
2022-05-14T21:01:06.168547Z,9177095,0.69800000,130.35000000,sell,2022-05-14 21:01:06.168547+00:00
2022-05-14T21:01:06.168547Z,9177094,0.69800000,304.00000000,sell,2022-05-14 21:01:06.168547+00:00
2022-05-14T21:01:06.168547Z,9177093,0.69700000,10.00000000,sell,2022-05-14 21:01:06.168547+00:00
2022-05-14T21:01:06.168547Z,9177092,0.69700000,4.24000000,sell,2022-05-14 21:01:06.168547+00:00
2022-05-14T21:01:06.168547Z,9177091,0.69700000,760.00000000,sell,2022-05-14 21:01:06.168547+00:00
2022-05-14T21:01:06.168547Z,9177090,0.69700000,287.38000000,sell,2022-05-14 21:01:06.168547+00:00
2022-05-14T21:01:06.168547Z,9177089,0.69700000,504.03000000,sell,2022-05-14 21:01:06.168547+00:00
2022-05-14T21:00:51.106066Z,9177088,0.69600000,20.00000000,sell,2022-05-14 21:00:51.106066+00:00
2022-05-14T21:00:51.106066Z,9177087,0.69600000,126.97000000,sell,2022-05-14 21:00:51.106066+00:00
2022-05-14T21:00:51.01505Z,9177086,0.69600000,20.00000000,sell,2022-05-14 21:00:51.015050+00:00
2022-05-14T21:00:51.01505Z,9177085,0.69600000,33.30000000,sell,2022-05-14 21:00:51.015050+00:00
2022-05-14T21:00:42.604565Z,9177084,0.69700000,5.73000000,sell,2022-05-14 21:00:42.604565+00:00
2022-05-14T21:00:38.705037Z,9177083,0.69600000,131.27000000,buy,2022-05-14 21:00:38.705037+00:00
2022-05-14T21:00:27.628634Z,9177082,0.69600000,1.13000000,sell,2022-05-14 21:00:27.628634+00:00
2022-05-14T21:00:20.056874Z,9177081,0.69600000,2.86000000,sell,2022-05-14 21:00:20.056874+00:00
2022-05-14T21:00:18.924088Z,9177080,0.69500000,19.42000000,sell,2022-05-14 21:00:18.924088+00:00
2022-05-14T21:00:14.609886Z,9177079,0.69500000,0.79000000,sell,2022-05-14 21:00:14.609886+00:00
2022-05-14T21:00:09.612913Z,9177078,0.69500000,135.87000000,sell,2022-05-14 21:00:09.612913+00:00
2022-05-14T20:59:28.432616Z,9177077,0.69500000,137.74000000,buy,2022-05-14 20:59:28.432616+00:00
2022-05-14T20:59:27.053732Z,9177076,0.69500000,20.00000000,sell,2022-05-14 20:59:27.053732+00:00
2022-05-14T20:59:27.053732Z,9177075,0.69500000,132.71000000,sell,2022-05-14 20:59:27.053732+00:00
2022-05-14T20:59:24.812636Z,9177074,0.69500000,1.97000000,buy,2022-05-14 20:59:24.812636+00:00
2022-05-14T20:59:22.50427Z,9177073,0.69500000,140.55000000,buy,2022-05-14 20:59:22.504270+00:00
2022-05-14T20:59:20.778835Z,9177072,0.69500000,112.56000000,sell,2022-05-14 20:59:20.778835+00:00
2022-05-14T20:59:12.301329Z,9177071,0.69500000,20.00000000,buy,2022-05-14 20:59:12.301329+00:00
2022-05-14T20:59:10.047979Z,9177070,0.69600000,20.00000000,buy,2022-05-14 20:59:10.047979+00:00
2022-05-14T20:59:07.759041Z,9177069,0.69600000,20.00000000,buy,2022-05-14 20:59:07.759041+00:00
2022-05-14T20:59:07.759041Z,9177068,0.69600000,112.26000000,buy,2022-05-14 20:59:07.759041+00:00
2022-05-14T20:59:07.350851Z,9177067,0.69700000,62.75000000,sell,2022-05-14 20:59:07.350851+00:00
2022-05-14T20:59:04.718256Z,9177066,0.69600000,93.17000000,sell,2022-05-14 20:59:04.718256+00:00
2022-05-14T20:59:02.519249Z,9177065,0.69600000,102.61000000,buy,2022-05-14 20:59:02.519249+00:00
2022-05-14T20:58:57.80457Z,9177064,0.69700000,194.38000000,sell,2022-05-14 20:58:57.804570+00:00
2022-05-14T20:58:54.340715Z,9177063,0.69600000,9.17000000,sell,2022-05-14 20:58:54.340715+00:00
2022-05-14T20:58:52.125901Z,9177062,0.69600000,20.00000000,sell,2022-05-14 20:58:52.125901+00:00
2022-05-14T20:58:52.125901Z,9177061,0.69600000,1202.60000000,sell,2022-05-14 20:58:52.125901+00:00
2022-05-14T20:58:08.399115Z,9177060,0.69700000,20.00000000,sell,2022-05-14 20:58:08.399115+00:00
2022-05-14T20:58:08.399115Z,9177059,0.69700000,107.55000000,sell,2022-05-14 20:58:08.399115+00:00
2022-05-14T20:58:03.387879Z,9177058,0.69700000,1165.96000000,sell,2022-05-14 20:58:03.387879+00:00
2022-05-14T20:57:57.596283Z,9177057,0.69700000,459.99000000,buy,2022-05-14 20:57:57.596283+00:00
2022-05-14T20:57:57.596283Z,9177056,0.69700000,20.00000000,buy,2022-05-14 20:57:57.596283+00:00
2022-05-14T20:57:57.596283Z,9177055,0.69700000,21.05000000,buy,2022-05-14 20:57:57.596283+00:00
2022-05-14T20:57:55.386888Z,9177054,0.69700000,304.00000000,sell,2022-05-14 20:57:55.386888+00:00
2022-05-14T20:57:55.238904Z,9177053,0.69700000,1839.89000000,sell,2022-05-14 20:57:55.238904+00:00
2022-05-14T20:57:55.238904Z,9177052,0.69700000,304.00000000,sell,2022-05-14 20:57:55.238904+00:00
2022-05-14T20:57:55.201136Z,9177051,0.69700000,0.01000000,buy,2022-05-14 20:57:55.201136+00:00
2022-05-14T20:57:55.200897Z,9177050,0.69700000,303.99000000,buy,2022-05-14 20:57:55.200897+00:00
2022-05-14T20:57:55.200897Z,9177049,0.69700000,20.00000000,buy,2022-05-14 20:57:55.200897+00:00
2022-05-14T20:57:55.200897Z,9177048,0.69700000,400.00000000,buy,2022-05-14 20:57:55.200897+00:00
2022-05-14T20:57:55.200897Z,9177047,0.69700000,94.77000000,buy,2022-05-14 20:57:55.200897+00:00
2022-05-14T20:57:47.261057Z,9177046,0.69700000,23.40000000,sell,2022-05-14 20:57:47.261057+00:00
2022-05-14T20:57:42.161618Z,9177045,0.69600000,5.47000000,buy,2022-05-14 20:57:42.161618+00:00
2022-05-14T20:57:31.340621Z,9177044,0.69600000,20.00000000,sell,2022-05-14 20:57:31.340621+00:00
2022-05-14T20:57:31.340621Z,9177043,0.69600000,133.15000000,sell,2022-05-14 20:57:31.340621+00:00
2022-05-14T20:57:31.204853Z,9177042,0.69600000,20.00000000,buy,2022-05-14 20:57:31.204853+00:00
2022-05-14T20:57:31.204853Z,9177041,0.69600000,29.05000000,buy,2022-05-14 20:57:31.204853+00:00
2022-05-14T20:57:19.930399Z,9177040,0.69600000,128.74000000,buy,2022-05-14 20:57:19.930399+00:00
2022-05-14T20:57:07.748392Z,9177039,0.69600000,280.85000000,sell,2022-05-14 20:57:07.748392+00:00
2022-05-14T20:57:07.16633Z,9177038,0.69500000,20.00000000,sell,2022-05-14 20:57:07.166330+00:00
2022-05-14T20:57:07.16633Z,9177037,0.69500000,8.73000000,sell,2022-05-14 20:57:07.166330+00:00
2022-05-14T20:57:05.192018Z,9177036,0.69500000,550.00000000,buy,2022-05-14 20:57:05.192018+00:00
2022-05-14T20:57:04.148683Z,9177035,0.69500000,85.43000000,sell,2022-05-14 20:57:04.148683+00:00
2022-05-14T20:56:59.915736Z,9177034,0.69500000,145.76000000,buy,2022-05-14 20:56:59.915736+00:00
2022-05-14T20:56:57.249361Z,9177033,0.69700000,94.37000000,buy,2022-05-14 20:56:57.249361+00:00
2022-05-14T20:56:55.995471Z,9177032,0.69700000,20.00000000,sell,2022-05-14 20:56:55.995471+00:00
2022-05-14T20:56:55.995471Z,9177031,0.69700000,1.60000000,sell,2022-05-14 20:56:55.995471+00:00
2022-05-14T20:56:25.675876Z,9177030,0.69800000,6.25000000,sell,2022-05-14 20:56:25.675876+00:00
2022-05-14T20:56:25.675876Z,9177029,0.69800000,137.02000000,sell,2022-05-14 20:56:25.675876+00:00
2022-05-14T20:55:59.521238Z,9177028,0.69700000,134.47000000,buy,2022-05-14 20:55:59.521238+00:00
2022-05-14T20:55:59.521238Z,9177027,0.69700000,20.00000000,buy,2022-05-14 20:55:59.521238+00:00
2022-05-14T20:55:49.414142Z,9177026,0.69700000,380.19000000,sell,2022-05-14 20:55:49.414142+00:00
2022-05-14T20:55:49.401508Z,9177025,0.69700000,2035.14000000,sell,2022-05-14 20:55:49.401508+00:00
2022-05-14T20:55:49.401508Z,9177024,0.69700000,98.76000000,sell,2022-05-14 20:55:49.401508+00:00
2022-05-14T20:55:39.559826Z,9177023,0.69700000,20.00000000,buy,2022-05-14 20:55:39.559826+00:00
2022-05-14T20:55:39.559826Z,9177022,0.69700000,102.68000000,buy,2022-05-14 20:55:39.559826+00:00
2022-05-14T20:55:37.71366Z,9177021,0.69700000,3.10000000,sell,2022-05-14 20:55:37.713660+00:00
2022-05-14T20:55:22.172487Z,9177020,0.69700000,78.35000000,sell,2022-05-14 20:55:22.172487+00:00
2022-05-14T20:55:22.071221Z,9177019,0.69700000,139.30000000,sell,2022-05-14 20:55:22.071221+00:00
2022-05-14T20:55:22.03608Z,9177018,0.69700000,20.00000000,buy,2022-05-14 20:55:22.036080+00:00
2022-05-14T20:55:02.819611Z,9177017,0.69700000,131.12000000,sell,2022-05-14 20:55:02.819611+00:00
2022-05-14T20:55:00.049699Z,9177016,0.69700000,2.46000000,buy,2022-05-14 20:55:00.049699+00:00
2022-05-14T20:54:59.923684Z,9177015,0.69700000,69.09000000,buy,2022-05-14 20:54:59.923684+00:00
2022-05-14T20:54:57.195937Z,9177014,0.69700000,10.00000000,sell,2022-05-14 20:54:57.195937+00:00
2022-05-14T20:54:56.483721Z,9177013,0.69700000,20.00000000,sell,2022-05-14 20:54:56.483721+00:00
2022-05-14T20:54:56.483721Z,9177012,0.69700000,304.00000000,sell,2022-05-14 20:54:56.483721+00:00
2022-05-14T20:54:56.483721Z,9177011,0.69700000,1.29000000,sell,2022-05-14 20:54:56.483721+00:00
2022-05-14T20:54:56.459963Z,9177010,0.69700000,1.29000000,buy,2022-05-14 20:54:56.459963+00:00
2022-05-14T20:54:49.928857Z,9177009,0.69800000,137.06000000,buy,2022-05-14 20:54:49.928857+00:00
2022-05-14T20:54:48.846437Z,9177008,0.69800000,20.00000000,sell,2022-05-14 20:54:48.846437+00:00
2022-05-14T20:54:48.846437Z,9177007,0.69800000,128.15000000,sell,2022-05-14 20:54:48.846437+00:00
2022-05-14T20:54:48.421422Z,9177006,0.69800000,20.00000000,buy,2022-05-14 20:54:48.421422+00:00
2022-05-14T20:54:48.421422Z,9177005,0.69800000,138.13000000,buy,2022-05-14 20:54:48.421422+00:00
2022-05-14T20:54:15.075968Z,9177004,0.70000000,67.32000000,sell,2022-05-14 20:54:15.075968+00:00
2022-05-14T20:54:15.075968Z,9177003,0.70000000,20.00000000,sell,2022-05-14 20:54:15.075968+00:00
2022-05-14T20:54:03.035626Z,9177002,0.69900000,140.31000000,sell,2022-05-14 20:54:03.035626+00:00
2022-05-14T20:53:45.470297Z,9177001,0.69900000,3.57000000,buy,2022-05-14 20:53:45.470297+00:00
2022-05-14T20:53:45.470297Z,9177000,0.69900000,304.00000000,buy,2022-05-14 20:53:45.470297+00:00
2022-05-14T20:53:45.470297Z,9176999,0.69900000,124.39000000,buy,2022-05-14 20:53:45.470297+00:00
2022-05-14T20:53:41.061345Z,9176998,0.69900000,134.64000000,sell,2022-05-14 20:53:41.061345+00:00
2022-05-14T20:53:25.169886Z,9176997,0.69900000,106.62000000,buy,2022-05-14 20:53:25.169886+00:00
2022-05-14T20:53:25.169886Z,9176996,0.69900000,20.00000000,buy,2022-05-14 20:53:25.169886+00:00
2022-05-14T20:53:23.237328Z,9176995,0.70000000,20.00000000,sell,2022-05-14 20:53:23.237328+00:00
2022-05-14T20:53:23.237328Z,9176994,0.70000000,760.00000000,sell,2022-05-14 20:53:23.237328+00:00
2022-05-14T20:53:23.237328Z,9176993,0.70000000,490.00000000,sell,2022-05-14 20:53:23.237328+00:00
2022-05-14T20:53:23.237328Z,9176992,0.70000000,304.00000000,sell,2022-05-14 20:53:23.237328+00:00
2022-05-14T20:53:23.098939Z,9176991,0.70000000,20.00000000,sell,2022-05-14 20:53:23.098939+00:00
2022-05-14T20:53:23.098939Z,9176990,0.70000000,325.53000000,sell,2022-05-14 20:53:23.098939+00:00
2022-05-14T20:52:49.337399Z,9176989,0.70000000,10.00000000,buy,2022-05-14 20:52:49.337399+00:00
2022-05-14T20:52:42.007916Z,9176988,0.70000000,107.43000000,buy,2022-05-14 20:52:42.007916+00:00
2022-05-14T20:52:23.46238Z,9176987,0.70000000,129.82000000,sell,2022-05-14 20:52:23.462380+00:00
2022-05-14T20:52:18.077677Z,9176986,0.69900000,6.87000000,buy,2022-05-14 20:52:18.077677+00:00
2022-05-14T20:52:12.987388Z,9176985,0.70000000,304.00000000,sell,2022-05-14 20:52:12.987388+00:00
2022-05-14T20:52:12.870725Z,9176984,0.70000000,304.00000000,sell,2022-05-14 20:52:12.870725+00:00
2022-05-14T20:52:12.851385Z,9176983,0.70000000,136.01000000,buy,2022-05-14 20:52:12.851385+00:00
2022-05-14T20:52:12.851385Z,9176982,0.70000000,20.00000000,buy,2022-05-14 20:52:12.851385+00:00
2022-05-14T20:52:04.360522Z,9176981,0.70100000,20.00000000,buy,2022-05-14 20:52:04.360522+00:00
2022-05-14T20:51:27.820197Z,9176980,0.69900000,20.00000000,buy,2022-05-14 20:51:27.820197+00:00
2022-05-14T20:51:11.450963Z,9176979,0.70100000,501.11000000,sell,2022-05-14 20:51:11.450963+00:00
2022-05-14T20:51:11.450963Z,9176978,0.70100000,0.42000000,sell,2022-05-14 20:51:11.450963+00:00
2022-05-14T20:51:07.327211Z,9176977,0.70200000,100.45000000,sell,2022-05-14 20:51:07.327211+00:00
2022-05-14T20:51:07.327211Z,9176976,0.70100000,4.28000000,sell,2022-05-14 20:51:07.327211+00:00
2022-05-14T20:50:54.268603Z,9176975,0.70100000,6.98000000,sell,2022-05-14 20:50:54.268603+00:00
2022-05-14T20:50:42.804394Z,9176974,0.70100000,49.28000000,sell,2022-05-14 20:50:42.804394+00:00
2022-05-14T20:50:42.804394Z,9176973,0.70100000,2.81000000,sell,2022-05-14 20:50:42.804394+00:00
2022-05-14T20:50:42.804394Z,9176972,0.70100000,304.00000000,sell,2022-05-14 20:50:42.804394+00:00
2022-05-14T20:50:21.181121Z,9176971,0.70000000,4.72000000,buy,2022-05-14 20:50:21.181121+00:00
2022-05-14T20:50:16.836827Z,9176970,0.70100000,76.02000000,sell,2022-05-14 20:50:16.836827+00:00
2022-05-14T20:50:16.836827Z,9176969,0.70100000,530.00000000,sell,2022-05-14 20:50:16.836827+00:00
2022-05-14T20:50:16.691489Z,9176968,0.70100000,137.24000000,sell,2022-05-14 20:50:16.691489+00:00
2022-05-14T20:50:16.654715Z,9176967,0.70100000,73.04000000,buy,2022-05-14 20:50:16.654715+00:00
2022-05-14T20:50:14.699796Z,9176966,0.70200000,1634.77000000,sell,2022-05-14 20:50:14.699796+00:00
2022-05-14T20:50:14.699796Z,9176965,0.70200000,304.00000000,sell,2022-05-14 20:50:14.699796+00:00
2022-05-14T20:50:14.654177Z,9176964,0.70200000,138.99000000,buy,2022-05-14 20:50:14.654177+00:00
2022-05-14T20:50:09.449868Z,9176963,0.70200000,85.40000000,sell,2022-05-14 20:50:09.449868+00:00
2022-05-14T20:50:09.449868Z,9176962,0.70200000,430.00000000,sell,2022-05-14 20:50:09.449868+00:00
2022-05-14T20:50:09.346781Z,9176961,0.70200000,20.00000000,sell,2022-05-14 20:50:09.346781+00:00
2022-05-14T20:50:09.346781Z,9176960,0.70200000,131.57000000,sell,2022-05-14 20:50:09.346781+00:00
2022-05-14T20:50:09.311925Z,9176959,0.70200000,20.00000000,buy,2022-05-14 20:50:09.311925+00:00
2022-05-14T20:50:09.311925Z,9176958,0.70200000,0.53000000,buy,2022-05-14 20:50:09.311925+00:00
2022-05-14T20:50:06.388643Z,9176957,0.70300000,304.00000000,sell,2022-05-14 20:50:06.388643+00:00
2022-05-14T20:50:06.388643Z,9176956,0.70300000,20.00000000,sell,2022-05-14 20:50:06.388643+00:00
2022-05-14T20:50:06.244658Z,9176955,0.70300000,20.00000000,buy,2022-05-14 20:50:06.244658+00:00
2022-05-14T20:50:06.244658Z,9176954,0.70300000,6.27000000,buy,2022-05-14 20:50:06.244658+00:00
2022-05-14T20:49:56.102128Z,9176953,0.70300000,20.00000000,sell,2022-05-14 20:49:56.102128+00:00
2022-05-14T20:49:48.361107Z,9176952,0.70300000,30.42000000,sell,2022-05-14 20:49:48.361107+00:00
2022-05-14T20:49:42.177411Z,9176951,0.70200000,20.00000000,buy,2022-05-14 20:49:42.177411+00:00
2022-05-14T20:49:42.177411Z,9176950,0.70200000,131.25000000,buy,2022-05-14 20:49:42.177411+00:00
2022-05-14T20:49:42.12621Z,9176949,0.70200000,20.00000000,sell,2022-05-14 20:49:42.126210+00:00
2022-05-14T20:49:42.12621Z,9176948,0.70200000,133.39000000,sell,2022-05-14 20:49:42.126210+00:00
2022-05-14T20:49:42.086287Z,9176947,0.70200000,116.18000000,buy,2022-05-14 20:49:42.086287+00:00
2022-05-14T20:49:32.850201Z,9176946,0.70200000,272.93000000,buy,2022-05-14 20:49:32.850201+00:00
2022-05-14T20:49:26.64629Z,9176945,0.70300000,27.01000000,buy,2022-05-14 20:49:26.646290+00:00
2022-05-14T20:49:26.64629Z,9176944,0.70300000,20.00000000,buy,2022-05-14 20:49:26.646290+00:00
2022-05-14T20:49:24.75723Z,9176943,0.70300000,0.96000000,sell,2022-05-14 20:49:24.757230+00:00
2022-05-14T20:49:19.640571Z,9176942,0.70200000,100.00000000,buy,2022-05-14 20:49:19.640571+00:00
2022-05-14T20:49:08.974805Z,9176941,0.70100000,6.41000000,sell,2022-05-14 20:49:08.974805+00:00
2022-05-14T20:48:59.063376Z,9176940,0.70000000,10.00000000,sell,2022-05-14 20:48:59.063376+00:00
2022-05-14T20:48:59.063376Z,9176939,0.70000000,123.31000000,sell,2022-05-14 20:48:59.063376+00:00
2022-05-14T20:48:43.087623Z,9176938,0.70000000,20.00000000,sell,2022-05-14 20:48:43.087623+00:00
2022-05-14T20:48:43.087623Z,9176937,0.70000000,304.00000000,sell,2022-05-14 20:48:43.087623+00:00
2022-05-14T20:48:43.087623Z,9176936,0.70000000,20.00000000,sell,2022-05-14 20:48:43.087623+00:00
2022-05-14T20:48:43.054853Z,9176935,0.70000000,129.86000000,buy,2022-05-14 20:48:43.054853+00:00
2022-05-14T20:48:31.337037Z,9176934,0.70000000,20.00000000,sell,2022-05-14 20:48:31.337037+00:00
2022-05-14T20:47:57.130323Z,9176933,0.69900000,20.00000000,sell,2022-05-14 20:47:57.130323+00:00
2022-05-14T20:47:57.130323Z,9176932,0.69900000,4.88000000,sell,2022-05-14 20:47:57.130323+00:00
2022-05-14T20:47:43.251301Z,9176931,0.69900000,90.24000000,sell,2022-05-14 20:47:43.251301+00:00
2022-05-14T20:47:43.251301Z,9176930,0.69800000,68.89000000,sell,2022-05-14 20:47:43.251301+00:00
2022-05-14T20:47:37.448498Z,9176929,0.69800000,46.29000000,sell,2022-05-14 20:47:37.448498+00:00
2022-05-14T20:47:30.838802Z,9176928,0.69800000,83.82000000,sell,2022-05-14 20:47:30.838802+00:00
2022-05-14T20:47:28.439311Z,9176927,0.69800000,12.83000000,sell,2022-05-14 20:47:28.439311+00:00
2022-05-14T20:46:22.176374Z,9176926,0.69800000,304.00000000,sell,2022-05-14 20:46:22.176374+00:00
2022-05-14T20:46:22.158661Z,9176925,0.69800000,76.68000000,buy,2022-05-14 20:46:22.158661+00:00
2022-05-14T20:46:17.399178Z,9176924,0.69900000,20.00000000,buy,2022-05-14 20:46:17.399178+00:00
2022-05-14T20:46:17.399178Z,9176923,0.69900000,139.79000000,buy,2022-05-14 20:46:17.399178+00:00
2022-05-14T20:46:16.039572Z,9176922,0.69900000,2.72000000,sell,2022-05-14 20:46:16.039572+00:00
2022-05-14T20:46:13.443376Z,9176921,0.69800000,48.01000000,sell,2022-05-14 20:46:13.443376+00:00
2022-05-14T20:46:08.27999Z,9176920,0.69800000,51.01000000,buy,2022-05-14 20:46:08.279990+00:00
2022-05-14T20:46:02.124808Z,9176919,0.69700000,3.56000000,buy,2022-05-14 20:46:02.124808+00:00
2022-05-14T20:45:59.278777Z,9176918,0.69700000,0.59000000,sell,2022-05-14 20:45:59.278777+00:00
2022-05-14T20:45:28.104911Z,9176917,0.69500000,8.85000000,sell,2022-05-14 20:45:28.104911+00:00
2022-05-14T20:45:27.693319Z,9176916,0.69500000,20.00000000,sell,2022-05-14 20:45:27.693319+00:00
2022-05-14T20:45:27.693319Z,9176915,0.69500000,304.00000000,sell,2022-05-14 20:45:27.693319+00:00
2022-05-14T20:45:21.199132Z,9176914,0.69600000,122.20000000,sell,2022-05-14 20:45:21.199132+00:00
2022-05-14T20:45:20.013902Z,9176913,0.69600000,80.88000000,buy,2022-05-14 20:45:20.013902+00:00
2022-05-14T20:45:20.013902Z,9176912,0.69600000,25.87000000,buy,2022-05-14 20:45:20.013902+00:00
2022-05-14T20:45:20.013902Z,9176911,0.69600000,6.80000000,buy,2022-05-14 20:45:20.013902+00:00
2022-05-14T20:45:18.166715Z,9176910,0.69600000,37.70000000,buy,2022-05-14 20:45:18.166715+00:00
2022-05-14T20:45:14.902828Z,9176909,0.69700000,120.96000000,buy,2022-05-14 20:45:14.902828+00:00
2022-05-14T20:45:13.564032Z,9176908,0.69700000,99.28000000,sell,2022-05-14 20:45:13.564032+00:00
2022-05-14T20:45:09.423488Z,9176907,0.69700000,1.71000000,buy,2022-05-14 20:45:09.423488+00:00
2022-05-14T20:45:07.823067Z,9176906,0.69800000,106.89000000,buy,2022-05-14 20:45:07.823067+00:00
2022-05-14T20:45:04.852237Z,9176905,0.69800000,66.69000000,sell,2022-05-14 20:45:04.852237+00:00
2022-05-14T20:45:04.259604Z,9176904,0.69800000,20.33000000,buy,2022-05-14 20:45:04.259604+00:00
2022-05-14T20:44:51.689062Z,9176903,0.69900000,304.00000000,sell,2022-05-14 20:44:51.689062+00:00
2022-05-14T20:44:51.689062Z,9176902,0.69900000,380.00000000,sell,2022-05-14 20:44:51.689062+00:00
2022-05-14T20:44:51.270892Z,9176901,0.69900000,5310.83000000,buy,2022-05-14 20:44:51.270892+00:00
2022-05-14T20:44:51.270892Z,9176900,0.69900000,44.31000000,buy,2022-05-14 20:44:51.270892+00:00
2022-05-14T20:44:43.258656Z,9176899,0.70000000,69.76000000,buy,2022-05-14 20:44:43.258656+00:00
2022-05-14T20:44:40.816816Z,9176898,0.70100000,8.53000000,sell,2022-05-14 20:44:40.816816+00:00
2022-05-14T20:43:41.818552Z,9176897,0.70000000,19.27000000,buy,2022-05-14 20:43:41.818552+00:00
2022-05-14T20:43:21.419153Z,9176896,0.70100000,0.93000000,sell,2022-05-14 20:43:21.419153+00:00
2022-05-14T20:43:03.123641Z,9176895,0.70100000,20.00000000,buy,2022-05-14 20:43:03.123641+00:00
2022-05-14T20:42:48.866246Z,9176894,0.70100000,5.05000000,buy,2022-05-14 20:42:48.866246+00:00
2022-05-14T20:42:37.996953Z,9176893,0.70100000,20.00000000,sell,2022-05-14 20:42:37.996953+00:00
2022-05-14T20:42:37.996953Z,9176892,0.70100000,143.81000000,sell,2022-05-14 20:42:37.996953+00:00
2022-05-14T20:42:23.473921Z,9176891,0.70000000,686.75000000,buy,2022-05-14 20:42:23.473921+00:00
2022-05-14T20:42:23.473921Z,9176890,0.70000000,304.00000000,buy,2022-05-14 20:42:23.473921+00:00
2022-05-14T20:42:23.473921Z,9176889,0.70000000,144.02000000,buy,2022-05-14 20:42:23.473921+00:00
2022-05-14T20:42:02.341659Z,9176888,0.70100000,387.79000000,sell,2022-05-14 20:42:02.341659+00:00
2022-05-14T20:42:02.341659Z,9176887,0.70100000,304.00000000,sell,2022-05-14 20:42:02.341659+00:00
2022-05-14T20:42:02.341659Z,9176886,0.70100000,7.51000000,sell,2022-05-14 20:42:02.341659+00:00
2022-05-14T20:41:36.338826Z,9176885,0.70000000,3.73000000,sell,2022-05-14 20:41:36.338826+00:00
2022-05-14T20:41:35.434318Z,9176884,0.70000000,20.00000000,buy,2022-05-14 20:41:35.434318+00:00
2022-05-14T20:41:35.434318Z,9176883,0.70000000,285.00000000,buy,2022-05-14 20:41:35.434318+00:00
2022-05-14T20:41:35.434318Z,9176882,0.70000000,8.50000000,buy,2022-05-14 20:41:35.434318+00:00
2022-05-14T20:41:27.179409Z,9176881,0.70100000,20.00000000,buy,2022-05-14 20:41:27.179409+00:00
2022-05-14T20:41:13.958573Z,9176880,0.70200000,20.00000000,buy,2022-05-14 20:41:13.958573+00:00
2022-05-14T20:41:06.615883Z,9176879,0.70200000,700.57000000,buy,2022-05-14 20:41:06.615883+00:00
2022-05-14T20:41:06.615883Z,9176878,0.70200000,304.00000000,buy,2022-05-14 20:41:06.615883+00:00
2022-05-14T20:41:01.884473Z,9176877,0.70300000,52.82000000,buy,2022-05-14 20:41:01.884473+00:00
2022-05-14T20:40:49.18778Z,9176876,0.70300000,1141.57000000,sell,2022-05-14 20:40:49.187780+00:00
2022-05-14T20:40:49.172651Z,9176875,0.70300000,1978.40000000,sell,2022-05-14 20:40:49.172651+00:00
2022-05-14T20:40:49.025825Z,9176874,0.70300000,1958.08000000,sell,2022-05-14 20:40:49.025825+00:00
2022-05-14T20:40:48.87052Z,9176873,0.70300000,2012.11000000,sell,2022-05-14 20:40:48.870520+00:00
2022-05-14T20:40:48.71019Z,9176872,0.70300000,2039.27000000,sell,2022-05-14 20:40:48.710190+00:00
2022-05-14T20:40:48.572354Z,9176871,0.70300000,1948.01000000,sell,2022-05-14 20:40:48.572354+00:00
2022-05-14T20:40:48.425923Z,9176870,0.70300000,2054.79000000,sell,2022-05-14 20:40:48.425923+00:00
2022-05-14T20:40:48.301469Z,9176869,0.70300000,2073.37000000,sell,2022-05-14 20:40:48.301469+00:00
2022-05-14T20:40:48.197814Z,9176868,0.70300000,2004.85000000,sell,2022-05-14 20:40:48.197814+00:00
2022-05-14T20:40:48.061883Z,9176867,0.70300000,2039.81000000,sell,2022-05-14 20:40:48.061883+00:00
2022-05-14T20:40:47.960094Z,9176866,0.70300000,2073.10000000,sell,2022-05-14 20:40:47.960094+00:00
2022-05-14T20:40:47.808354Z,9176865,0.70300000,1925.07000000,sell,2022-05-14 20:40:47.808354+00:00
2022-05-14T20:40:47.781657Z,9176864,0.70300000,1466.02000000,sell,2022-05-14 20:40:47.781657+00:00
2022-05-14T20:40:47.703729Z,9176863,0.70300000,1928.13000000,sell,2022-05-14 20:40:47.703729+00:00
2022-05-14T20:40:47.597549Z,9176862,0.70300000,1964.24000000,sell,2022-05-14 20:40:47.597549+00:00
2022-05-14T20:40:47.558802Z,9176861,0.70300000,1000.00000000,sell,2022-05-14 20:40:47.558802+00:00
2022-05-14T20:40:47.555099Z,9176860,0.70300000,500.00000000,sell,2022-05-14 20:40:47.555099+00:00
2022-05-14T20:40:47.539347Z,9176859,0.70300000,1000.00000000,sell,2022-05-14 20:40:47.539347+00:00
2022-05-14T20:40:47.504038Z,9176858,0.70300000,9098.43000000,sell,2022-05-14 20:40:47.504038+00:00
2022-05-14T20:40:47.496004Z,9176857,0.70300000,5670.92000000,sell,2022-05-14 20:40:47.496004+00:00
2022-05-14T20:40:47.483849Z,9176856,0.70300000,2002.58000000,sell,2022-05-14 20:40:47.483849+00:00
2022-05-14T20:40:44.071252Z,9176855,0.70300000,1948.19000000,sell,2022-05-14 20:40:44.071252+00:00
2022-05-14T20:40:44.042751Z,9176854,0.70300000,1926.77000000,sell,2022-05-14 20:40:44.042751+00:00
2022-05-14T20:40:43.923677Z,9176853,0.70300000,1953.15000000,sell,2022-05-14 20:40:43.923677+00:00
2022-05-14T20:40:43.754544Z,9176852,0.70300000,1941.04000000,sell,2022-05-14 20:40:43.754544+00:00
2022-05-14T20:40:43.589624Z,9176851,0.70300000,2103.76000000,sell,2022-05-14 20:40:43.589624+00:00
2022-05-14T20:40:43.439318Z,9176850,0.70300000,2116.57000000,sell,2022-05-14 20:40:43.439318+00:00
2022-05-14T20:40:43.32037Z,9176849,0.70300000,1933.66000000,sell,2022-05-14 20:40:43.320370+00:00
2022-05-14T20:40:43.170116Z,9176848,0.70300000,2125.11000000,sell,2022-05-14 20:40:43.170116+00:00
2022-05-14T20:40:43.04604Z,9176847,0.70300000,2085.51000000,sell,2022-05-14 20:40:43.046040+00:00
2022-05-14T20:40:42.942246Z,9176846,0.70300000,3040.00000000,sell,2022-05-14 20:40:42.942246+00:00
2022-05-14T20:40:42.923291Z,9176845,0.70300000,2115.84000000,sell,2022-05-14 20:40:42.923291+00:00
2022-05-14T20:40:41.969375Z,9176844,0.70300000,2051.00000000,sell,2022-05-14 20:40:41.969375+00:00
2022-05-14T20:40:41.865928Z,9176843,0.70300000,2015.39000000,sell,2022-05-14 20:40:41.865928+00:00
2022-05-14T20:40:41.751271Z,9176842,0.70300000,2020.92000000,sell,2022-05-14 20:40:41.751271+00:00
2022-05-14T20:40:41.59096Z,9176841,0.70300000,2127.76000000,sell,2022-05-14 20:40:41.590960+00:00
2022-05-14T20:40:41.485982Z,9176840,0.70300000,2004.17000000,sell,2022-05-14 20:40:41.485982+00:00
2022-05-14T20:40:36.942673Z,9176839,0.70300000,62.03000000,sell,2022-05-14 20:40:36.942673+00:00
2022-05-14T20:40:34.719458Z,9176838,0.70300000,3040.00000000,sell,2022-05-14 20:40:34.719458+00:00
2022-05-14T20:40:34.712563Z,9176837,0.70300000,3040.00000000,sell,2022-05-14 20:40:34.712563+00:00
2022-05-14T20:40:34.654193Z,9176836,0.70300000,12160.00000000,sell,2022-05-14 20:40:34.654193+00:00
2022-05-14T20:40:24.478765Z,9176835,0.70200000,127.53000000,sell,2022-05-14 20:40:24.478765+00:00
2022-05-14T20:40:22.871031Z,9176834,0.70200000,20.00000000,sell,2022-05-14 20:40:22.871031+00:00
2022-05-14T20:40:22.758958Z,9176833,0.70200000,1992.53000000,sell,2022-05-14 20:40:22.758958+00:00
2022-05-14T20:40:22.716258Z,9176832,0.70200000,135.75000000,buy,2022-05-14 20:40:22.716258+00:00
2022-05-14T20:40:22.716258Z,9176831,0.70200000,304.00000000,buy,2022-05-14 20:40:22.716258+00:00
2022-05-14T20:40:05.536553Z,9176830,0.70200000,0.77000000,sell,2022-05-14 20:40:05.536553+00:00
2022-05-14T20:40:02.099716Z,9176829,0.70100000,1.07000000,buy,2022-05-14 20:40:02.099716+00:00
2022-05-14T20:39:57.850484Z,9176828,0.70200000,300.00000000,buy,2022-05-14 20:39:57.850484+00:00
2022-05-14T20:39:55.234174Z,9176827,0.70300000,1.64000000,sell,2022-05-14 20:39:55.234174+00:00
2022-05-14T20:39:27.31392Z,9176826,0.70300000,102.00000000,sell,2022-05-14 20:39:27.313920+00:00
2022-05-14T20:39:22.878477Z,9176825,0.70300000,104.39000000,buy,2022-05-14 20:39:22.878477+00:00
2022-05-14T20:38:59.239177Z,9176824,0.70300000,20.00000000,buy,2022-05-14 20:38:59.239177+00:00
2022-05-14T20:38:59.239177Z,9176823,0.70300000,33.41000000,buy,2022-05-14 20:38:59.239177+00:00
2022-05-14T20:38:50.183648Z,9176822,0.70300000,10.65000000,buy,2022-05-14 20:38:50.183648+00:00
2022-05-14T20:38:39.552974Z,9176821,0.70400000,1.57000000,sell,2022-05-14 20:38:39.552974+00:00
2022-05-14T20:38:39.552974Z,9176820,0.70400000,20.00000000,sell,2022-05-14 20:38:39.552974+00:00
2022-05-14T20:38:37.754089Z,9176819,0.70400000,0.85000000,sell,2022-05-14 20:38:37.754089+00:00
2022-05-14T20:38:37.754089Z,9176818,0.70400000,44.91000000,sell,2022-05-14 20:38:37.754089+00:00
2022-05-14T20:38:27.913662Z,9176817,0.70500000,60.82000000,sell,2022-05-14 20:38:27.913662+00:00
2022-05-14T20:38:24.893526Z,9176816,0.70500000,2046.12000000,sell,2022-05-14 20:38:24.893526+00:00
2022-05-14T20:38:24.85079Z,9176815,0.70500000,99.85000000,buy,2022-05-14 20:38:24.850790+00:00
2022-05-14T20:38:19.709954Z,9176814,0.70500000,82.82000000,sell,2022-05-14 20:38:19.709954+00:00
2022-05-14T20:38:00.483147Z,9176813,0.70600000,15.63000000,sell,2022-05-14 20:38:00.483147+00:00
2022-05-14T20:37:51.350067Z,9176812,0.70500000,20.00000000,buy,2022-05-14 20:37:51.350067+00:00
2022-05-14T20:37:51.350067Z,9176811,0.70500000,78.32000000,buy,2022-05-14 20:37:51.350067+00:00
2022-05-14T20:37:50.57133Z,9176810,0.70600000,760.00000000,sell,2022-05-14 20:37:50.571330+00:00
2022-05-14T20:37:50.490896Z,9176809,0.70600000,304.00000000,sell,2022-05-14 20:37:50.490896+00:00
2022-05-14T20:37:50.490896Z,9176808,0.70600000,20.00000000,sell,2022-05-14 20:37:50.490896+00:00
2022-05-14T20:37:50.490896Z,9176807,0.70600000,125.53000000,sell,2022-05-14 20:37:50.490896+00:00
2022-05-14T20:37:50.455663Z,9176806,0.70600000,98.89000000,sell,2022-05-14 20:37:50.455663+00:00
2022-05-14T20:37:50.435039Z,9176805,0.70600000,282.91000000,buy,2022-05-14 20:37:50.435039+00:00
2022-05-14T20:37:50.435039Z,9176804,0.70600000,775.11000000,buy,2022-05-14 20:37:50.435039+00:00
2022-05-14T20:37:50.435039Z,9176803,0.70600000,93.03000000,buy,2022-05-14 20:37:50.435039+00:00
2022-05-14T20:37:50.434901Z,9176802,0.70600000,44.45000000,buy,2022-05-14 20:37:50.434901+00:00
2022-05-14T20:37:50.434901Z,9176801,0.70600000,20.00000000,buy,2022-05-14 20:37:50.434901+00:00
2022-05-14T20:37:50.434901Z,9176800,0.70600000,13.35000000,buy,2022-05-14 20:37:50.434901+00:00
2022-05-14T20:37:35.322997Z,9176799,0.70900000,5.27000000,sell,2022-05-14 20:37:35.322997+00:00
2022-05-14T20:37:35.322997Z,9176798,0.70800000,0.37000000,sell,2022-05-14 20:37:35.322997+00:00
2022-05-14T20:37:19.443714Z,9176797,0.70700000,77.80000000,sell,2022-05-14 20:37:19.443714+00:00
2022-05-14T20:37:12.171401Z,9176796,0.70600000,1.00000000,buy,2022-05-14 20:37:12.171401+00:00
2022-05-14T20:37:06.724775Z,9176795,0.70600000,29.52000000,buy,2022-05-14 20:37:06.724775+00:00
2022-05-14T20:37:06.724775Z,9176794,0.70600000,304.00000000,buy,2022-05-14 20:37:06.724775+00:00
2022-05-14T20:36:44.519543Z,9176793,0.70700000,304.00000000,sell,2022-05-14 20:36:44.519543+00:00
2022-05-14T20:36:44.519543Z,9176792,0.70700000,10.00000000,sell,2022-05-14 20:36:44.519543+00:00
2022-05-14T20:36:44.519543Z,9176791,0.70700000,3.55000000,sell,2022-05-14 20:36:44.519543+00:00
2022-05-14T20:36:39.328979Z,9176790,0.70700000,71.42000000,buy,2022-05-14 20:36:39.328979+00:00
2022-05-14T20:36:39.328979Z,9176789,0.70700000,304.00000000,buy,2022-05-14 20:36:39.328979+00:00
2022-05-14T20:36:29.559857Z,9176788,0.70800000,20.00000000,sell,2022-05-14 20:36:29.559857+00:00
2022-05-14T20:36:29.427648Z,9176787,0.70800000,20.00000000,sell,2022-05-14 20:36:29.427648+00:00
2022-05-14T20:36:29.427648Z,9176786,0.70800000,139.18000000,sell,2022-05-14 20:36:29.427648+00:00
2022-05-14T20:36:29.322047Z,9176785,0.70800000,20.00000000,sell,2022-05-14 20:36:29.322047+00:00
2022-05-14T20:36:29.322047Z,9176784,0.70800000,300.56000000,sell,2022-05-14 20:36:29.322047+00:00
2022-05-14T20:36:29.281768Z,9176783,0.70800000,35.60000000,buy,2022-05-14 20:36:29.281768+00:00
2022-05-14T20:36:26.132486Z,9176782,0.70800000,3.44000000,buy,2022-05-14 20:36:26.132486+00:00
2022-05-14T20:36:23.352855Z,9176781,0.70900000,10.00000000,buy,2022-05-14 20:36:23.352855+00:00
2022-05-14T20:36:19.542062Z,9176780,0.71000000,135.57000000,buy,2022-05-14 20:36:19.542062+00:00
2022-05-14T20:36:19.542062Z,9176779,0.71000000,1.42000000,buy,2022-05-14 20:36:19.542062+00:00
2022-05-14T20:36:17.820977Z,9176778,0.71100000,3.50000000,sell,2022-05-14 20:36:17.820977+00:00
2022-05-14T20:36:09.878118Z,9176777,0.71100000,140.86000000,buy,2022-05-14 20:36:09.878118+00:00
2022-05-14T20:36:06.945466Z,9176776,0.71100000,20.00000000,buy,2022-05-14 20:36:06.945466+00:00
2022-05-14T20:35:48.491994Z,9176775,0.71200000,2000.00000000,sell,2022-05-14 20:35:48.491994+00:00
2022-05-14T20:35:48.491994Z,9176774,0.71200000,760.00000000,sell,2022-05-14 20:35:48.491994+00:00
2022-05-14T20:35:48.491994Z,9176773,0.71200000,304.00000000,sell,2022-05-14 20:35:48.491994+00:00
2022-05-14T20:35:48.491994Z,9176772,0.71200000,20.00000000,sell,2022-05-14 20:35:48.491994+00:00
2022-05-14T20:35:48.491994Z,9176771,0.71200000,281.30000000,sell,2022-05-14 20:35:48.491994+00:00
2022-05-14T20:35:43.90864Z,9176770,0.71200000,1000.00000000,buy,2022-05-14 20:35:43.908640+00:00
2022-05-14T20:35:43.90864Z,9176769,0.71200000,33.10000000,buy,2022-05-14 20:35:43.908640+00:00
2022-05-14T20:35:43.732896Z,9176768,0.71200000,2085.47000000,buy,2022-05-14 20:35:43.732896+00:00
2022-05-14T20:35:43.609437Z,9176767,0.71200000,1985.35000000,buy,2022-05-14 20:35:43.609437+00:00
2022-05-14T20:35:43.489191Z,9176766,0.71200000,1953.00000000,buy,2022-05-14 20:35:43.489191+00:00
2022-05-14T20:35:43.376735Z,9176765,0.71200000,1927.26000000,buy,2022-05-14 20:35:43.376735+00:00
2022-05-14T20:35:43.268881Z,9176764,0.71200000,2033.36000000,buy,2022-05-14 20:35:43.268881+00:00
2022-05-14T20:35:43.138793Z,9176763,0.71200000,2072.30000000,buy,2022-05-14 20:35:43.138793+00:00
2022-05-14T20:35:42.986117Z,9176762,0.71200000,2070.20000000,buy,2022-05-14 20:35:42.986117+00:00
2022-05-14T20:35:42.886951Z,9176761,0.71200000,1953.02000000,buy,2022-05-14 20:35:42.886951+00:00
2022-05-14T20:35:42.770541Z,9176760,0.71200000,2051.66000000,buy,2022-05-14 20:35:42.770541+00:00
2022-05-14T20:35:42.691634Z,9176759,0.71200000,6500.00000000,buy,2022-05-14 20:35:42.691634+00:00
2022-05-14T20:35:42.683755Z,9176758,0.71200000,5878.93000000,buy,2022-05-14 20:35:42.683755+00:00
2022-05-14T20:35:21.420762Z,9176757,0.71300000,20.00000000,buy,2022-05-14 20:35:21.420762+00:00
2022-05-14T20:35:20.845992Z,9176756,0.71300000,304.00000000,sell,2022-05-14 20:35:20.845992+00:00
2022-05-14T20:35:20.845992Z,9176755,0.71300000,280.85000000,sell,2022-05-14 20:35:20.845992+00:00
2022-05-14T20:35:20.654531Z,9176754,0.71300000,304.00000000,sell,2022-05-14 20:35:20.654531+00:00
2022-05-14T20:35:20.654531Z,9176753,0.71300000,280.88000000,sell,2022-05-14 20:35:20.654531+00:00
2022-05-14T20:35:20.554371Z,9176752,0.71300000,304.00000000,sell,2022-05-14 20:35:20.554371+00:00
2022-05-14T20:35:20.554371Z,9176751,0.71300000,405.20000000,sell,2022-05-14 20:35:20.554371+00:00
2022-05-14T20:35:20.127658Z,9176750,0.71300000,354.80000000,sell,2022-05-14 20:35:20.127658+00:00
2022-05-14T20:35:20.127658Z,9176749,0.71300000,281.04000000,sell,2022-05-14 20:35:20.127658+00:00
2022-05-14T20:35:19.670661Z,9176748,0.71300000,390.00000000,buy,2022-05-14 20:35:19.670661+00:00
2022-05-14T20:35:19.670661Z,9176747,0.71300000,20.00000000,buy,2022-05-14 20:35:19.670661+00:00
2022-05-14T20:35:19.569362Z,9176746,0.71300000,1402.14000000,buy,2022-05-14 20:35:19.569362+00:00
2022-05-14T20:35:19.493738Z,9176745,0.71300000,304.00000000,sell,2022-05-14 20:35:19.493738+00:00
2022-05-14T20:35:19.493738Z,9176744,0.71300000,280.96000000,sell,2022-05-14 20:35:19.493738+00:00
2022-05-14T20:35:19.493738Z,9176743,0.71300000,1791.76000000,sell,2022-05-14 20:35:19.493738+00:00
2022-05-14T20:35:19.493738Z,9176742,0.71300000,2203.98000000,sell,2022-05-14 20:35:19.493738+00:00
2022-05-14T20:35:19.493738Z,9176741,0.71300000,226.66000000,sell,2022-05-14 20:35:19.493738+00:00
2022-05-14T20:35:19.476518Z,9176740,0.71300000,54.29000000,sell,2022-05-14 20:35:19.476518+00:00
2022-05-14T20:35:19.476518Z,9176739,0.71300000,654.17000000,sell,2022-05-14 20:35:19.476518+00:00
2022-05-14T20:35:04.722455Z,9176738,0.71200000,300.00000000,buy,2022-05-14 20:35:04.722455+00:00
2022-05-14T20:34:57.371444Z,9176737,0.71300000,105.83000000,sell,2022-05-14 20:34:57.371444+00:00
2022-05-14T20:34:57.371444Z,9176736,0.71300000,303.51000000,sell,2022-05-14 20:34:57.371444+00:00
2022-05-14T20:34:57.20996Z,9176735,0.71200000,1914.99000000,buy,2022-05-14 20:34:57.209960+00:00
2022-05-14T20:34:57.101742Z,9176734,0.71200000,2040.60000000,buy,2022-05-14 20:34:57.101742+00:00
2022-05-14T20:34:56.994115Z,9176733,0.71200000,2062.22000000,buy,2022-05-14 20:34:56.994115+00:00
2022-05-14T20:34:56.87621Z,9176732,0.71200000,2027.81000000,buy,2022-05-14 20:34:56.876210+00:00
2022-05-14T20:34:56.766053Z,9176731,0.71200000,1402.52000000,buy,2022-05-14 20:34:56.766053+00:00
2022-05-14T20:34:53.846611Z,9176730,0.71200000,1991.91000000,buy,2022-05-14 20:34:53.846611+00:00
2022-05-14T20:34:53.740992Z,9176729,0.71200000,1977.53000000,buy,2022-05-14 20:34:53.740992+00:00
2022-05-14T20:34:53.623212Z,9176728,0.71200000,2029.64000000,buy,2022-05-14 20:34:53.623212+00:00
2022-05-14T20:34:53.484159Z,9176727,0.71200000,2031.57000000,buy,2022-05-14 20:34:53.484159+00:00
2022-05-14T20:34:53.36551Z,9176726,0.71200000,2001.54000000,buy,2022-05-14 20:34:53.365510+00:00
2022-05-14T20:34:53.260492Z,9176725,0.71200000,1959.78000000,buy,2022-05-14 20:34:53.260492+00:00
2022-05-14T20:34:53.11038Z,9176724,0.71200000,2044.23000000,buy,2022-05-14 20:34:53.110380+00:00
2022-05-14T20:34:52.958986Z,9176723,0.71200000,1921.41000000,buy,2022-05-14 20:34:52.958986+00:00
2022-05-14T20:34:52.767762Z,9176722,0.71200000,1953.14000000,buy,2022-05-14 20:34:52.767762+00:00
2022-05-14T20:34:52.659732Z,9176721,0.71200000,2036.85000000,buy,2022-05-14 20:34:52.659732+00:00
2022-05-14T20:34:52.53968Z,9176720,0.71200000,1967.29000000,buy,2022-05-14 20:34:52.539680+00:00
2022-05-14T20:34:52.440452Z,9176719,0.71200000,2057.72000000,buy,2022-05-14 20:34:52.440452+00:00
2022-05-14T20:34:52.362307Z,9176718,0.71200000,253.99000000,buy,2022-05-14 20:34:52.362307+00:00
2022-05-14T20:34:51.532616Z,9176717,0.71200000,2105.70000000,buy,2022-05-14 20:34:51.532616+00:00
2022-05-14T20:34:49.63068Z,9176716,0.71200000,1995.10000000,buy,2022-05-14 20:34:49.630680+00:00
2022-05-14T20:34:49.488273Z,9176715,0.71200000,1989.52000000,buy,2022-05-14 20:34:49.488273+00:00
2022-05-14T20:34:49.376153Z,9176714,0.71200000,2056.77000000,buy,2022-05-14 20:34:49.376153+00:00
2022-05-14T20:34:49.184831Z,9176713,0.71200000,8822.11000000,buy,2022-05-14 20:34:49.184831+00:00
2022-05-14T20:34:46.493159Z,9176712,0.71200000,6080.00000000,buy,2022-05-14 20:34:46.493159+00:00
2022-05-14T20:34:16.634191Z,9176711,0.71300000,0.49000000,sell,2022-05-14 20:34:16.634191+00:00
2022-05-14T20:34:16.617734Z,9176710,0.71300000,0.49000000,sell,2022-05-14 20:34:16.617734+00:00
2022-05-14T20:34:16.617734Z,9176709,0.71300000,280.87000000,sell,2022-05-14 20:34:16.617734+00:00
2022-05-14T20:34:16.617734Z,9176708,0.71300000,166.38000000,sell,2022-05-14 20:34:16.617734+00:00
2022-05-14T20:34:16.617734Z,9176707,0.71300000,436.26000000,sell,2022-05-14 20:34:16.617734+00:00
2022-05-14T20:34:16.597062Z,9176706,0.71300000,323.74000000,sell,2022-05-14 20:34:16.597062+00:00
2022-05-14T20:34:16.597062Z,9176705,0.71300000,300.73000000,sell,2022-05-14 20:34:16.597062+00:00
2022-05-14T20:34:04.67005Z,9176704,0.71300000,3.27000000,sell,2022-05-14 20:34:04.670050+00:00
2022-05-14T20:33:59.352163Z,9176703,0.71300000,91.14000000,sell,2022-05-14 20:33:59.352163+00:00
2022-05-14T20:33:59.352163Z,9176702,0.71300000,314.87000000,sell,2022-05-14 20:33:59.352163+00:00
2022-05-14T20:33:59.336453Z,9176701,0.71300000,445.13000000,sell,2022-05-14 20:33:59.336453+00:00
2022-05-14T20:33:59.336453Z,9176700,0.71300000,304.00000000,sell,2022-05-14 20:33:59.336453+00:00
2022-05-14T20:33:52.163292Z,9176699,0.71200000,92.64000000,buy,2022-05-14 20:33:52.163292+00:00
2022-05-14T20:33:49.242145Z,9176698,0.71200000,6080.00000000,buy,2022-05-14 20:33:49.242145+00:00
2022-05-14T20:33:49.237494Z,9176697,0.71200000,759.99000000,buy,2022-05-14 20:33:49.237494+00:00
2022-05-14T20:33:49.237381Z,9176696,0.71200000,3040.00000000,buy,2022-05-14 20:33:49.237381+00:00
2022-05-14T20:33:39.095399Z,9176695,0.71300000,92.51000000,buy,2022-05-14 20:33:39.095399+00:00
2022-05-14T20:33:39.095399Z,9176694,0.71300000,20.00000000,buy,2022-05-14 20:33:39.095399+00:00
2022-05-14T20:33:37.866926Z,9176693,0.71400000,10.58000000,sell,2022-05-14 20:33:37.866926+00:00
2022-05-14T20:32:19.333502Z,9176692,0.71400000,0.34000000,buy,2022-05-14 20:32:19.333502+00:00
2022-05-14T20:32:09.89195Z,9176691,0.71500000,304.00000000,buy,2022-05-14 20:32:09.891950+00:00
2022-05-14T20:31:49.21011Z,9176690,0.71500000,2093.73000000,sell,2022-05-14 20:31:49.210110+00:00
2022-05-14T20:31:33.467918Z,9176689,0.71500000,5.00000000,sell,2022-05-14 20:31:33.467918+00:00
2022-05-14T20:31:20.393478Z,9176688,0.71600000,88.28000000,sell,2022-05-14 20:31:20.393478+00:00
2022-05-14T20:31:20.393478Z,9176687,0.71500000,23.04000000,sell,2022-05-14 20:31:20.393478+00:00
2022-05-14T20:31:19.742461Z,9176686,0.71500000,759.99000000,buy,2022-05-14 20:31:19.742461+00:00
2022-05-14T20:31:19.742461Z,9176685,0.71500000,138.60000000,buy,2022-05-14 20:31:19.742461+00:00
2022-05-14T20:31:19.742461Z,9176684,0.71500000,304.00000000,buy,2022-05-14 20:31:19.742461+00:00
2022-05-14T20:31:00.973113Z,9176683,0.71600000,2009.24000000,sell,2022-05-14 20:31:00.973113+00:00
2022-05-14T20:31:00.802347Z,9176682,0.71600000,1915.98000000,sell,2022-05-14 20:31:00.802347+00:00
2022-05-14T20:31:00.683204Z,9176681,0.71600000,1909.63000000,sell,2022-05-14 20:31:00.683204+00:00
2022-05-14T20:31:00.547648Z,9176680,0.71600000,2021.29000000,sell,2022-05-14 20:31:00.547648+00:00
2022-05-14T20:31:00.450987Z,9176679,0.71600000,1900.91000000,sell,2022-05-14 20:31:00.450987+00:00
2022-05-14T20:31:00.39925Z,9176678,0.71600000,1991.93000000,sell,2022-05-14 20:31:00.399250+00:00
2022-05-14T20:31:00.240081Z,9176677,0.71600000,2061.38000000,sell,2022-05-14 20:31:00.240081+00:00
2022-05-14T20:31:00.13958Z,9176676,0.71600000,1993.63000000,sell,2022-05-14 20:31:00.139580+00:00
2022-05-14T20:31:00.034235Z,9176675,0.71600000,2074.24000000,sell,2022-05-14 20:31:00.034235+00:00
2022-05-14T20:30:59.925855Z,9176674,0.71600000,2053.49000000,sell,2022-05-14 20:30:59.925855+00:00
2022-05-14T20:30:59.821579Z,9176673,0.71600000,2041.62000000,sell,2022-05-14 20:30:59.821579+00:00
2022-05-14T20:30:59.721207Z,9176672,0.71600000,2057.17000000,sell,2022-05-14 20:30:59.721207+00:00
2022-05-14T20:30:59.620384Z,9176671,0.71600000,1954.11000000,sell,2022-05-14 20:30:59.620384+00:00
2022-05-14T20:30:59.446634Z,9176670,0.71600000,1931.78000000,sell,2022-05-14 20:30:59.446634+00:00
2022-05-14T20:30:59.369601Z,9176669,0.71600000,3040.00000000,sell,2022-05-14 20:30:59.369601+00:00
2022-05-14T20:30:59.343179Z,9176668,0.71600000,3040.00000000,sell,2022-05-14 20:30:59.343179+00:00
2022-05-14T20:30:59.343163Z,9176667,0.71600000,1929.82000000,sell,2022-05-14 20:30:59.343163+00:00
2022-05-14T20:30:59.21924Z,9176666,0.71600000,2091.27000000,sell,2022-05-14 20:30:59.219240+00:00
2022-05-14T20:30:59.100147Z,9176665,0.71600000,2054.42000000,sell,2022-05-14 20:30:59.100147+00:00
2022-05-14T20:30:59.015988Z,9176664,0.71600000,304.00000000,buy,2022-05-14 20:30:59.015988+00:00
2022-05-14T20:30:58.927356Z,9176663,0.71600000,2044.67000000,sell,2022-05-14 20:30:58.927356+00:00
2022-05-14T20:30:58.909576Z,9176662,0.71600000,304.00000000,buy,2022-05-14 20:30:58.909576+00:00
2022-05-14T20:30:58.898668Z,9176661,0.71600000,10.00000000,sell,2022-05-14 20:30:58.898668+00:00
2022-05-14T20:30:58.855323Z,9176660,0.71600000,3040.00000000,sell,2022-05-14 20:30:58.855323+00:00
2022-05-14T20:30:58.848236Z,9176659,0.71600000,3176.29000000,sell,2022-05-14 20:30:58.848236+00:00
2022-05-14T20:30:58.848017Z,9176658,0.71600000,6080.00000000,sell,2022-05-14 20:30:58.848017+00:00
2022-05-14T20:30:53.698288Z,9176657,0.71500000,384.57000000,sell,2022-05-14 20:30:53.698288+00:00
2022-05-14T20:30:53.698288Z,9176656,0.71500000,115.43000000,sell,2022-05-14 20:30:53.698288+00:00
2022-05-14T20:30:32.744978Z,9176655,0.71400000,1883.50000000,buy,2022-05-14 20:30:32.744978+00:00
2022-05-14T20:30:32.72541Z,9176654,0.71400000,116.50000000,buy,2022-05-14 20:30:32.725410+00:00
2022-05-14T20:30:26.486628Z,9176653,0.71500000,12.54000000,sell,2022-05-14 20:30:26.486628+00:00
2022-05-14T20:29:34.503909Z,9176652,0.71500000,124.57000000,buy,2022-05-14 20:29:34.503909+00:00
2022-05-14T20:29:34.503909Z,9176651,0.71500000,2000.00000000,buy,2022-05-14 20:29:34.503909+00:00
2022-05-14T20:29:34.503909Z,9176650,0.71500000,304.00000000,buy,2022-05-14 20:29:34.503909+00:00
2022-05-14T20:29:29.146464Z,9176649,0.71500000,101.60000000,sell,2022-05-14 20:29:29.146464+00:00
2022-05-14T20:29:21.17019Z,9176648,0.71500000,69.57000000,sell,2022-05-14 20:29:21.170190+00:00
2022-05-14T20:29:20.241335Z,9176647,0.71500000,66.72000000,sell,2022-05-14 20:29:20.241335+00:00
2022-05-14T20:29:07.631317Z,9176646,0.71500000,760.00000000,buy,2022-05-14 20:29:07.631317+00:00
2022-05-14T20:29:07.631317Z,9176645,0.71500000,2000.00000000,buy,2022-05-14 20:29:07.631317+00:00
2022-05-14T20:29:07.631317Z,9176644,0.71500000,106.03000000,buy,2022-05-14 20:29:07.631317+00:00
2022-05-14T20:29:07.631317Z,9176643,0.71500000,265.66000000,buy,2022-05-14 20:29:07.631317+00:00
2022-05-14T20:28:41.737489Z,9176642,0.71500000,38.34000000,buy,2022-05-14 20:28:41.737489+00:00
2022-05-14T20:28:40.583039Z,9176641,0.71500000,20.00000000,sell,2022-05-14 20:28:40.583039+00:00
2022-05-14T20:28:40.583039Z,9176640,0.71500000,0.58000000,sell,2022-05-14 20:28:40.583039+00:00
