time,trade_id,price,size,side,date
2022-05-14T22:24:36.511904Z,1073961,20.63000000,0.13000000,buy,2022-05-14 22:24:36.511904+00:00
2022-05-14T22:24:36.511904Z,1073960,20.64000000,2.20000000,buy,2022-05-14 22:24:36.511904+00:00
2022-05-14T22:23:08.182467Z,1073959,20.63000000,0.01500000,buy,2022-05-14 22:23:08.182467+00:00
2022-05-14T22:22:05.659888Z,1073958,20.65000000,0.67300000,buy,2022-05-14 22:22:05.659888+00:00
2022-05-14T22:22:05.643979Z,1073957,20.65000000,19.32700000,buy,2022-05-14 22:22:05.643979+00:00
2022-05-14T22:19:43.467017Z,1073956,20.75000000,0.01300000,buy,2022-05-14 22:19:43.467017+00:00
2022-05-14T22:17:59.428445Z,1073955,20.72000000,13.94400000,sell,2022-05-14 22:17:59.428445+00:00
2022-05-14T22:17:59.428445Z,1073954,20.71000000,3.99000000,sell,2022-05-14 22:17:59.428445+00:00
2022-05-14T22:17:49.489825Z,1073953,20.68000000,0.01300000,sell,2022-05-14 22:17:49.489825+00:00
2022-05-14T22:17:09.031962Z,1073952,20.62000000,0.50000000,buy,2022-05-14 22:17:09.031962+00:00
2022-05-14T22:13:06.140687Z,1073951,20.65000000,0.89100000,buy,2022-05-14 22:13:06.140687+00:00
2022-05-14T22:13:06.124572Z,1073950,20.65000000,19.10900000,buy,2022-05-14 22:13:06.124572+00:00
2022-05-14T22:12:27.068896Z,1073949,20.66000000,0.01000000,buy,2022-05-14 22:12:27.068896+00:00
2022-05-14T22:07:47.86768Z,1073948,20.65000000,4.37000000,buy,2022-05-14 22:07:47.867680+00:00
2022-05-14T22:05:21.522545Z,1073947,20.65000000,0.09600000,sell,2022-05-14 22:05:21.522545+00:00
2022-05-14T22:03:48.10185Z,1073946,20.68000000,0.74900000,sell,2022-05-14 22:03:48.101850+00:00
2022-05-14T22:03:46.041264Z,1073945,20.66000000,0.27300000,buy,2022-05-14 22:03:46.041264+00:00
2022-05-14T22:03:28.606479Z,1073944,20.70000000,0.04100000,buy,2022-05-14 22:03:28.606479+00:00
2022-05-14T22:01:35.185127Z,1073943,20.74000000,0.01300000,buy,2022-05-14 22:01:35.185127+00:00
2022-05-14T22:01:10.287956Z,1073942,20.75000000,0.57000000,buy,2022-05-14 22:01:10.287956+00:00
2022-05-14T22:01:10.287956Z,1073941,20.75000000,0.04200000,buy,2022-05-14 22:01:10.287956+00:00
2022-05-14T22:01:10.287956Z,1073940,20.75000000,27.15300000,buy,2022-05-14 22:01:10.287956+00:00
2022-05-14T22:00:42.531953Z,1073939,20.80000000,28.54000000,buy,2022-05-14 22:00:42.531953+00:00
2022-05-14T21:59:22.443397Z,1073938,20.76000000,0.25000000,buy,2022-05-14 21:59:22.443397+00:00
2022-05-14T21:58:03.369506Z,1073937,20.83000000,0.03900000,sell,2022-05-14 21:58:03.369506+00:00
2022-05-14T21:57:13.991654Z,1073936,20.80000000,3.99000000,buy,2022-05-14 21:57:13.991654+00:00
2022-05-14T21:57:13.991654Z,1073935,20.80000000,20.00000000,buy,2022-05-14 21:57:13.991654+00:00
2022-05-14T21:55:49.524887Z,1073934,20.84000000,0.65900000,sell,2022-05-14 21:55:49.524887+00:00
2022-05-14T21:54:09.233314Z,1073933,20.91000000,0.13600000,sell,2022-05-14 21:54:09.233314+00:00
2022-05-14T21:52:58.270506Z,1073932,20.82000000,0.04800000,buy,2022-05-14 21:52:58.270506+00:00
2022-05-14T21:50:39.750116Z,1073931,20.86000000,0.12100000,sell,2022-05-14 21:50:39.750116+00:00
2022-05-14T21:50:39.750116Z,1073930,20.85000000,0.05300000,buy,2022-05-14 21:50:39.750116+00:00
2022-05-14T21:47:24.198946Z,1073929,20.81000000,0.02000000,buy,2022-05-14 21:47:24.198946+00:00
2022-05-14T21:47:02.593242Z,1073928,20.88000000,17.11000000,buy,2022-05-14 21:47:02.593242+00:00
2022-05-14T21:47:02.588674Z,1073927,20.88000000,18.43500000,buy,2022-05-14 21:47:02.588674+00:00
2022-05-14T21:47:01.131194Z,1073926,20.91000000,1.91200000,sell,2022-05-14 21:47:01.131194+00:00
2022-05-14T21:46:49.029953Z,1073925,20.93000000,16.01000000,sell,2022-05-14 21:46:49.029953+00:00
2022-05-14T21:46:49.029953Z,1073924,20.92000000,3.99000000,sell,2022-05-14 21:46:49.029953+00:00
2022-05-14T21:46:47.748745Z,1073923,20.92000000,3.29600000,buy,2022-05-14 21:46:47.748745+00:00
2022-05-14T21:46:47.336787Z,1073922,20.96000000,20.00000000,buy,2022-05-14 21:46:47.336787+00:00
2022-05-14T21:46:47.168362Z,1073921,20.97000000,0.67700000,buy,2022-05-14 21:46:47.168362+00:00
2022-05-14T21:46:46.855083Z,1073920,20.97000000,19.32300000,buy,2022-05-14 21:46:46.855083+00:00
2022-05-14T21:46:42.02737Z,1073919,20.98000000,1.33000000,buy,2022-05-14 21:46:42.027370+00:00
2022-05-14T21:46:42.02737Z,1073918,20.98000000,2.90000000,buy,2022-05-14 21:46:42.027370+00:00
2022-05-14T21:46:41.600417Z,1073917,20.98000000,8.55000000,buy,2022-05-14 21:46:41.600417+00:00
2022-05-14T21:46:41.304817Z,1073916,20.98000000,8.55000000,buy,2022-05-14 21:46:41.304817+00:00
2022-05-14T21:45:55.784894Z,1073915,20.81000000,10.96800000,sell,2022-05-14 21:45:55.784894+00:00
2022-05-14T21:45:55.775641Z,1073914,20.81000000,0.36700000,sell,2022-05-14 21:45:55.775641+00:00
2022-05-14T21:45:55.754027Z,1073913,20.81000000,0.38100000,sell,2022-05-14 21:45:55.754027+00:00
2022-05-14T21:45:55.738268Z,1073912,20.81000000,0.39600000,sell,2022-05-14 21:45:55.738268+00:00
2022-05-14T21:45:55.724505Z,1073911,20.81000000,0.36100000,sell,2022-05-14 21:45:55.724505+00:00
2022-05-14T21:45:55.707852Z,1073910,20.81000000,0.40300000,sell,2022-05-14 21:45:55.707852+00:00
2022-05-14T21:44:35.470333Z,1073909,20.71000000,1.00000000,buy,2022-05-14 21:44:35.470333+00:00
2022-05-14T21:43:18.805632Z,1073908,20.65000000,6.27200000,buy,2022-05-14 21:43:18.805632+00:00
2022-05-14T21:43:18.686745Z,1073907,20.65000000,3.45200000,buy,2022-05-14 21:43:18.686745+00:00
2022-05-14T21:43:18.675098Z,1073906,20.65000000,48.46800000,buy,2022-05-14 21:43:18.675098+00:00
2022-05-14T21:36:30.722396Z,1073905,20.23000000,2.33200000,buy,2022-05-14 21:36:30.722396+00:00
2022-05-14T21:36:30.591912Z,1073904,20.23000000,1.69100000,buy,2022-05-14 21:36:30.591912+00:00
2022-05-14T21:34:38.347787Z,1073903,20.20000000,14.85800000,buy,2022-05-14 21:34:38.347787+00:00
2022-05-14T21:34:38.347787Z,1073902,20.21000000,3.13400000,buy,2022-05-14 21:34:38.347787+00:00
2022-05-14T21:34:38.347787Z,1073901,20.21000000,3.99000000,buy,2022-05-14 21:34:38.347787+00:00
2022-05-14T21:25:37.609235Z,1073900,20.14000000,2.41600000,sell,2022-05-14 21:25:37.609235+00:00
2022-05-14T21:19:07.281179Z,1073899,20.04000000,0.96200000,buy,2022-05-14 21:19:07.281179+00:00
2022-05-14T21:13:58.841536Z,1073898,19.95000000,1.00000000,buy,2022-05-14 21:13:58.841536+00:00
2022-05-14T21:13:27.797714Z,1073897,19.95000000,1.39700000,sell,2022-05-14 21:13:27.797714+00:00
2022-05-14T21:06:41.493177Z,1073896,19.96000000,1.43300000,buy,2022-05-14 21:06:41.493177+00:00
2022-05-14T21:05:56.96413Z,1073895,19.91000000,8.13400000,sell,2022-05-14 21:05:56.964130+00:00
2022-05-14T21:05:56.96413Z,1073894,19.91000000,2.20000000,sell,2022-05-14 21:05:56.964130+00:00
2022-05-14T21:05:18.306438Z,1073893,19.96000000,1.07900000,sell,2022-05-14 21:05:18.306438+00:00
2022-05-14T20:59:57.062039Z,1073892,19.96000000,11.29900000,sell,2022-05-14 20:59:57.062039+00:00
2022-05-14T20:59:57.062039Z,1073891,19.95000000,20.07600000,sell,2022-05-14 20:59:57.062039+00:00
2022-05-14T20:59:57.062039Z,1073890,19.94000000,3.99000000,sell,2022-05-14 20:59:57.062039+00:00
2022-05-14T20:59:57.062039Z,1073889,19.94000000,2.20000000,sell,2022-05-14 20:59:57.062039+00:00
2022-05-14T20:59:57.062039Z,1073888,19.93000000,2.78900000,sell,2022-05-14 20:59:57.062039+00:00
2022-05-14T20:59:22.388667Z,1073887,19.93000000,1.17300000,sell,2022-05-14 20:59:22.388667+00:00
2022-05-14T20:58:54.788892Z,1073886,19.94000000,8.48100000,sell,2022-05-14 20:58:54.788892+00:00
2022-05-14T20:58:54.788892Z,1073885,19.93000000,3.99000000,sell,2022-05-14 20:58:54.788892+00:00
2022-05-14T20:57:40.998223Z,1073884,19.90000000,1.31400000,buy,2022-05-14 20:57:40.998223+00:00
2022-05-14T20:57:04.761209Z,1073883,19.89000000,1.00200000,buy,2022-05-14 20:57:04.761209+00:00
2022-05-14T20:56:33.045876Z,1073882,19.96000000,2.07200000,buy,2022-05-14 20:56:33.045876+00:00
2022-05-14T20:54:05.917149Z,1073881,19.93000000,9.06700000,buy,2022-05-14 20:54:05.917149+00:00
2022-05-14T20:54:05.917149Z,1073880,19.93000000,2.20000000,buy,2022-05-14 20:54:05.917149+00:00
2022-05-14T20:54:05.917149Z,1073879,19.94000000,2.81100000,buy,2022-05-14 20:54:05.917149+00:00
2022-05-14T20:48:13.675085Z,1073878,19.94000000,31.00000000,buy,2022-05-14 20:48:13.675085+00:00
2022-05-14T20:42:11.362869Z,1073877,19.89000000,1.66000000,buy,2022-05-14 20:42:11.362869+00:00
2022-05-14T20:40:01.896577Z,1073876,20.02000000,15.96000000,buy,2022-05-14 20:40:01.896577+00:00
2022-05-14T20:39:01.490498Z,1073875,20.06000000,2.20000000,buy,2022-05-14 20:39:01.490498+00:00
2022-05-14T20:38:09.045223Z,1073874,20.14000000,15.96000000,buy,2022-05-14 20:38:09.045223+00:00
2022-05-14T20:33:47.879633Z,1073873,20.22000000,2.28000000,buy,2022-05-14 20:33:47.879633+00:00
2022-05-14T20:33:47.879633Z,1073872,20.22000000,15.96000000,buy,2022-05-14 20:33:47.879633+00:00
2022-05-14T20:30:50.21304Z,1073871,20.25000000,0.01000000,buy,2022-05-14 20:30:50.213040+00:00
2022-05-14T20:25:31.521306Z,1073870,20.20000000,15.96000000,buy,2022-05-14 20:25:31.521306+00:00
2022-05-14T20:25:31.521306Z,1073869,20.20000000,3.99000000,buy,2022-05-14 20:25:31.521306+00:00
2022-05-14T20:25:14.472988Z,1073868,20.19000000,7.76600000,buy,2022-05-14 20:25:14.472988+00:00
2022-05-14T20:21:06.738549Z,1073867,20.19000000,0.70800000,buy,2022-05-14 20:21:06.738549+00:00
2022-05-14T20:19:36.298777Z,1073866,20.20000000,0.29000000,sell,2022-05-14 20:19:36.298777+00:00
2022-05-14T20:19:36.271841Z,1073865,20.20000000,2.20000000,buy,2022-05-14 20:19:36.271841+00:00
2022-05-14T20:19:36.271841Z,1073864,20.20000000,3.99000000,buy,2022-05-14 20:19:36.271841+00:00
2022-05-14T20:18:38.821848Z,1073863,20.18000000,3.51500000,sell,2022-05-14 20:18:38.821848+00:00
2022-05-14T20:09:08.911457Z,1073862,20.18000000,1.21500000,sell,2022-05-14 20:09:08.911457+00:00
2022-05-14T20:09:08.911457Z,1073861,20.17000000,3.99000000,sell,2022-05-14 20:09:08.911457+00:00
2022-05-14T20:07:20.370138Z,1073860,20.18000000,1.63600000,sell,2022-05-14 20:07:20.370138+00:00
2022-05-14T20:04:41.092985Z,1073859,20.18000000,20.67800000,sell,2022-05-14 20:04:41.092985+00:00
2022-05-14T20:04:41.092985Z,1073858,20.17000000,3.99000000,sell,2022-05-14 20:04:41.092985+00:00
2022-05-14T20:00:01.545823Z,1073857,20.08000000,3.99000000,buy,2022-05-14 20:00:01.545823+00:00
2022-05-14T19:59:31.01352Z,1073856,20.16000000,1.16100000,sell,2022-05-14 19:59:31.013520+00:00
2022-05-14T19:52:25.737255Z,1073855,20.08000000,0.05000000,sell,2022-05-14 19:52:25.737255+00:00
2022-05-14T19:52:15.778534Z,1073854,20.15000000,18.77200000,sell,2022-05-14 19:52:15.778534+00:00
2022-05-14T19:52:15.778534Z,1073853,20.14000000,26.30500000,sell,2022-05-14 19:52:15.778534+00:00
2022-05-14T19:52:15.778534Z,1073852,20.13000000,33.18000000,sell,2022-05-14 19:52:15.778534+00:00
2022-05-14T19:52:15.778534Z,1073851,20.13000000,39.11100000,sell,2022-05-14 19:52:15.778534+00:00
2022-05-14T19:52:15.778534Z,1073850,20.13000000,2.67000000,sell,2022-05-14 19:52:15.778534+00:00
2022-05-14T19:52:15.778534Z,1073849,20.12000000,22.39100000,sell,2022-05-14 19:52:15.778534+00:00
2022-05-14T19:52:15.778534Z,1073848,20.12000000,15.96000000,sell,2022-05-14 19:52:15.778534+00:00
2022-05-14T19:52:15.778534Z,1073847,20.12000000,2.20000000,sell,2022-05-14 19:52:15.778534+00:00
2022-05-14T19:52:15.778534Z,1073846,20.11000000,3.99000000,sell,2022-05-14 19:52:15.778534+00:00
2022-05-14T19:52:15.778534Z,1073845,20.11000000,3.43100000,sell,2022-05-14 19:52:15.778534+00:00
2022-05-14T19:51:38.477297Z,1073844,20.09000000,1.16400000,sell,2022-05-14 19:51:38.477297+00:00
2022-05-14T19:47:15.535594Z,1073843,20.00000000,4.08900000,buy,2022-05-14 19:47:15.535594+00:00
2022-05-14T19:38:04.48521Z,1073842,20.01000000,15.96000000,buy,2022-05-14 19:38:04.485210+00:00
2022-05-14T19:38:00.44722Z,1073841,20.03000000,15.96000000,buy,2022-05-14 19:38:00.447220+00:00
2022-05-14T19:37:56.965965Z,1073840,20.04000000,15.96000000,buy,2022-05-14 19:37:56.965965+00:00
2022-05-14T19:37:56.965965Z,1073839,20.04000000,2.47000000,buy,2022-05-14 19:37:56.965965+00:00
2022-05-14T19:35:56.801759Z,1073838,20.07000000,3.99000000,buy,2022-05-14 19:35:56.801759+00:00
2022-05-14T19:35:56.801759Z,1073837,20.07000000,15.96000000,buy,2022-05-14 19:35:56.801759+00:00
2022-05-14T19:31:31.935466Z,1073836,20.08000000,3.20200000,buy,2022-05-14 19:31:31.935466+00:00
2022-05-14T19:21:17.90843Z,1073835,20.07000000,47.15600000,sell,2022-05-14 19:21:17.908430+00:00
2022-05-14T19:21:17.90843Z,1073834,20.07000000,49.96700000,sell,2022-05-14 19:21:17.908430+00:00
2022-05-14T19:21:17.90843Z,1073833,20.06000000,2.78000000,sell,2022-05-14 19:21:17.908430+00:00
2022-05-14T19:21:17.90843Z,1073832,20.06000000,3.12800000,sell,2022-05-14 19:21:17.908430+00:00
2022-05-14T19:21:17.90843Z,1073831,20.06000000,25.13400000,sell,2022-05-14 19:21:17.908430+00:00
2022-05-14T19:21:17.90843Z,1073830,20.05000000,39.11100000,sell,2022-05-14 19:21:17.908430+00:00
2022-05-14T19:21:17.90843Z,1073829,20.05000000,32.91100000,sell,2022-05-14 19:21:17.908430+00:00
2022-05-14T19:21:17.90843Z,1073828,20.04000000,24.98200000,sell,2022-05-14 19:21:17.908430+00:00
2022-05-14T19:21:17.90843Z,1073827,20.04000000,3.30400000,sell,2022-05-14 19:21:17.908430+00:00
2022-05-14T19:21:17.90843Z,1073826,20.04000000,15.96000000,sell,2022-05-14 19:21:17.908430+00:00
2022-05-14T19:21:17.90843Z,1073825,20.03000000,3.99000000,sell,2022-05-14 19:21:17.908430+00:00
2022-05-14T19:17:55.235849Z,1073824,20.00000000,1.89000000,buy,2022-05-14 19:17:55.235849+00:00
2022-05-14T19:12:26.487012Z,1073823,20.16000000,0.10100000,buy,2022-05-14 19:12:26.487012+00:00
2022-05-14T19:09:51.106479Z,1073822,20.19000000,0.74200000,buy,2022-05-14 19:09:51.106479+00:00
2022-05-14T19:07:32.124188Z,1073821,20.21000000,2.85700000,sell,2022-05-14 19:07:32.124188+00:00
2022-05-14T19:07:30.163523Z,1073820,20.19000000,3.99000000,buy,2022-05-14 19:07:30.163523+00:00
2022-05-14T19:07:30.163523Z,1073819,20.19000000,0.42700000,buy,2022-05-14 19:07:30.163523+00:00
2022-05-14T19:06:04.466444Z,1073818,20.14000000,0.77600000,sell,2022-05-14 19:06:04.466444+00:00
2022-05-14T19:05:54.939911Z,1073817,20.11000000,0.99200000,buy,2022-05-14 19:05:54.939911+00:00
2022-05-14T19:00:51.272515Z,1073816,20.14000000,2.60300000,buy,2022-05-14 19:00:51.272515+00:00
2022-05-14T19:00:51.272515Z,1073815,20.14000000,39.11100000,buy,2022-05-14 19:00:51.272515+00:00
2022-05-14T19:00:51.272515Z,1073814,20.15000000,3.99000000,buy,2022-05-14 19:00:51.272515+00:00
2022-05-14T19:00:51.272515Z,1073813,20.15000000,1.92000000,buy,2022-05-14 19:00:51.272515+00:00
2022-05-14T19:00:51.272515Z,1073812,20.15000000,15.96000000,buy,2022-05-14 19:00:51.272515+00:00
2022-05-14T18:59:48.907888Z,1073811,20.16000000,0.14800000,buy,2022-05-14 18:59:48.907888+00:00
2022-05-14T18:58:52.58567Z,1073810,20.20000000,0.01200000,sell,2022-05-14 18:58:52.585670+00:00
2022-05-14T18:57:08.496576Z,1073809,20.22000000,0.24300000,sell,2022-05-14 18:57:08.496576+00:00
2022-05-14T18:55:57.912871Z,1073808,20.16000000,0.98500000,buy,2022-05-14 18:55:57.912871+00:00
2022-05-14T18:52:12.691142Z,1073807,20.29000000,0.02100000,buy,2022-05-14 18:52:12.691142+00:00
2022-05-14T18:47:34.933801Z,1073806,20.24000000,1.36400000,sell,2022-05-14 18:47:34.933801+00:00
2022-05-14T18:44:04.719962Z,1073805,20.33000000,0.97300000,sell,2022-05-14 18:44:04.719962+00:00
2022-05-14T18:43:00.437247Z,1073804,20.34000000,0.68100000,buy,2022-05-14 18:43:00.437247+00:00
2022-05-14T18:42:16.159194Z,1073803,20.41000000,1.00400000,sell,2022-05-14 18:42:16.159194+00:00
2022-05-14T18:42:11.063386Z,1073802,20.36000000,3.99000000,sell,2022-05-14 18:42:11.063386+00:00
2022-05-14T18:37:25.271418Z,1073801,20.26000000,0.10100000,sell,2022-05-14 18:37:25.271418+00:00
2022-05-14T18:29:02.107045Z,1073800,20.22000000,3.99000000,buy,2022-05-14 18:29:02.107045+00:00
2022-05-14T18:22:41.153283Z,1073799,20.14000000,1.00100000,sell,2022-05-14 18:22:41.153283+00:00
2022-05-14T18:21:26.342091Z,1073798,20.18000000,3.10500000,buy,2022-05-14 18:21:26.342091+00:00
2022-05-14T18:19:07.740453Z,1073797,20.30000000,3.99000000,buy,2022-05-14 18:19:07.740453+00:00
2022-05-14T18:14:12.353958Z,1073796,20.25000000,0.08300000,sell,2022-05-14 18:14:12.353958+00:00
2022-05-14T18:13:36.807348Z,1073795,20.19000000,0.04700000,sell,2022-05-14 18:13:36.807348+00:00
2022-05-14T18:12:59.782435Z,1073794,20.17000000,0.03600000,sell,2022-05-14 18:12:59.782435+00:00
2022-05-14T18:12:28.030617Z,1073793,20.18000000,0.04400000,sell,2022-05-14 18:12:28.030617+00:00
2022-05-14T18:11:50.187425Z,1073792,20.20000000,0.03900000,sell,2022-05-14 18:11:50.187425+00:00
2022-05-14T18:11:11.063161Z,1073791,20.21000000,0.05400000,sell,2022-05-14 18:11:11.063161+00:00
2022-05-14T18:10:33.628682Z,1073790,20.14000000,0.05400000,sell,2022-05-14 18:10:33.628682+00:00
2022-05-14T18:09:51.039682Z,1073789,20.07000000,0.03600000,sell,2022-05-14 18:09:51.039682+00:00
2022-05-14T18:08:27.990533Z,1073788,20.00000000,0.04700000,sell,2022-05-14 18:08:27.990533+00:00
2022-05-14T18:07:48.234295Z,1073787,19.99000000,0.05300000,sell,2022-05-14 18:07:48.234295+00:00
2022-05-14T18:06:59.241512Z,1073786,20.00000000,0.08300000,sell,2022-05-14 18:06:59.241512+00:00
2022-05-14T18:06:21.129542Z,1073785,20.02000000,0.12300000,sell,2022-05-14 18:06:21.129542+00:00
2022-05-14T18:05:40.246158Z,1073784,20.04000000,0.02900000,sell,2022-05-14 18:05:40.246158+00:00
2022-05-14T18:05:02.165959Z,1073783,20.07000000,0.05700000,sell,2022-05-14 18:05:02.165959+00:00
2022-05-14T18:04:31.493488Z,1073782,20.10000000,0.07200000,sell,2022-05-14 18:04:31.493488+00:00
2022-05-14T18:03:51.418363Z,1073781,20.08000000,0.07400000,sell,2022-05-14 18:03:51.418363+00:00
2022-05-14T18:03:12.729404Z,1073780,20.07000000,0.07600000,sell,2022-05-14 18:03:12.729404+00:00
2022-05-14T18:02:34.979085Z,1073779,20.02000000,0.02900000,sell,2022-05-14 18:02:34.979085+00:00
2022-05-14T18:01:51.77488Z,1073778,19.99000000,0.02700000,sell,2022-05-14 18:01:51.774880+00:00
2022-05-14T18:01:25.829954Z,1073777,19.94000000,1.48600000,buy,2022-05-14 18:01:25.829954+00:00
2022-05-14T18:01:25.829954Z,1073776,19.95000000,12.64100000,buy,2022-05-14 18:01:25.829954+00:00
2022-05-14T18:01:25.829954Z,1073775,19.95000000,1.92000000,buy,2022-05-14 18:01:25.829954+00:00
2022-05-14T18:01:25.829954Z,1073774,19.96000000,3.99000000,buy,2022-05-14 18:01:25.829954+00:00
2022-05-14T18:01:25.829954Z,1073773,19.96000000,5.88600000,buy,2022-05-14 18:01:25.829954+00:00
2022-05-14T18:01:17.379659Z,1073772,19.98000000,8.43700000,buy,2022-05-14 18:01:17.379659+00:00
2022-05-14T18:01:17.373009Z,1073771,19.98000000,50.17600000,buy,2022-05-14 18:01:17.373009+00:00
2022-05-14T18:01:17.295874Z,1073770,19.98000000,120.00000000,buy,2022-05-14 18:01:17.295874+00:00
2022-05-14T18:01:17.223908Z,1073769,19.98000000,50.17500000,buy,2022-05-14 18:01:17.223908+00:00
2022-05-14T18:01:17.071962Z,1073768,19.98000000,50.17600000,buy,2022-05-14 18:01:17.071962+00:00
2022-05-14T18:01:17.038196Z,1073767,19.98000000,10.84000000,buy,2022-05-14 18:01:17.038196+00:00
2022-05-14T18:01:16.994907Z,1073766,19.98000000,1.92000000,buy,2022-05-14 18:01:16.994907+00:00
2022-05-14T18:01:16.984224Z,1073765,19.98000000,1.92000000,buy,2022-05-14 18:01:16.984224+00:00
2022-05-14T18:01:16.976282Z,1073764,19.98000000,11.69800000,buy,2022-05-14 18:01:16.976282+00:00
2022-05-14T18:01:16.970068Z,1073763,19.98000000,1.92000000,buy,2022-05-14 18:01:16.970068+00:00
2022-05-14T18:01:16.954326Z,1073762,19.98000000,50.18200000,buy,2022-05-14 18:01:16.954326+00:00
2022-05-14T18:01:16.954049Z,1073761,19.98000000,1.92000000,buy,2022-05-14 18:01:16.954049+00:00
2022-05-14T18:01:16.946681Z,1073760,19.98000000,12.62300000,buy,2022-05-14 18:01:16.946681+00:00
2022-05-14T18:01:16.932239Z,1073759,19.98000000,50.19400000,sell,2022-05-14 18:01:16.932239+00:00
2022-05-14T18:01:16.932239Z,1073758,19.97000000,3.10900000,sell,2022-05-14 18:01:16.932239+00:00
2022-05-14T18:01:16.932239Z,1073757,19.97000000,3.38600000,sell,2022-05-14 18:01:16.932239+00:00
2022-05-14T18:01:16.932239Z,1073756,19.97000000,27.09000000,sell,2022-05-14 18:01:16.932239+00:00
2022-05-14T18:01:16.932239Z,1073755,19.97000000,14.23200000,sell,2022-05-14 18:01:16.932239+00:00
2022-05-14T18:01:16.932239Z,1073754,19.96000000,1.89500000,sell,2022-05-14 18:01:16.932239+00:00
2022-05-14T18:01:16.932239Z,1073753,19.95000000,2.63700000,sell,2022-05-14 18:01:16.932239+00:00
2022-05-14T18:01:16.932239Z,1073752,19.95000000,25.09000000,sell,2022-05-14 18:01:16.932239+00:00
2022-05-14T18:01:16.932239Z,1073751,19.94000000,0.38000000,sell,2022-05-14 18:01:16.932239+00:00
2022-05-14T18:01:14.411211Z,1073750,19.96000000,0.02500000,sell,2022-05-14 18:01:14.411211+00:00
2022-05-14T18:01:10.12244Z,1073749,19.95000000,0.35200000,buy,2022-05-14 18:01:10.122440+00:00
2022-05-14T18:01:10.106372Z,1073748,19.95000000,0.38600000,buy,2022-05-14 18:01:10.106372+00:00
2022-05-14T18:01:10.106372Z,1073747,19.95000000,0.34300000,buy,2022-05-14 18:01:10.106372+00:00
2022-05-14T18:01:10.092127Z,1073746,19.95000000,0.35600000,buy,2022-05-14 18:01:10.092127+00:00
2022-05-14T18:01:10.060498Z,1073745,19.95000000,0.35400000,buy,2022-05-14 18:01:10.060498+00:00
2022-05-14T18:01:10.060498Z,1073744,19.95000000,0.36300000,buy,2022-05-14 18:01:10.060498+00:00
2022-05-14T18:01:10.034272Z,1073743,19.95000000,0.36900000,sell,2022-05-14 18:01:10.034272+00:00
2022-05-14T18:01:10.021065Z,1073742,19.95000000,0.41700000,sell,2022-05-14 18:01:10.021065+00:00
2022-05-14T18:01:10.006936Z,1073741,19.95000000,0.37000000,sell,2022-05-14 18:01:10.006936+00:00
2022-05-14T18:01:09.856988Z,1073740,19.95000000,0.76900000,buy,2022-05-14 18:01:09.856988+00:00
2022-05-14T18:01:09.838261Z,1073739,19.95000000,0.89800000,sell,2022-05-14 18:01:09.838261+00:00
2022-05-14T18:01:09.81714Z,1073738,19.95000000,1.83600000,sell,2022-05-14 18:01:09.817140+00:00
2022-05-14T18:01:07.07803Z,1073737,19.93000000,5.87200000,buy,2022-05-14 18:01:07.078030+00:00
2022-05-14T18:01:06.892948Z,1073736,19.95000000,0.19000000,buy,2022-05-14 18:01:06.892948+00:00
2022-05-14T18:01:06.875313Z,1073735,19.95000000,0.37500000,sell,2022-05-14 18:01:06.875313+00:00
2022-05-14T18:01:06.859889Z,1073734,19.95000000,0.51400000,sell,2022-05-14 18:01:06.859889+00:00
2022-05-14T18:01:06.8478Z,1073733,19.95000000,0.62100000,sell,2022-05-14 18:01:06.847800+00:00
2022-05-14T18:01:06.828154Z,1073732,19.95000000,0.50500000,sell,2022-05-14 18:01:06.828154+00:00
2022-05-14T18:01:06.816012Z,1073731,19.95000000,0.56900000,sell,2022-05-14 18:01:06.816012+00:00
2022-05-14T18:01:06.80383Z,1073730,19.95000000,0.61500000,sell,2022-05-14 18:01:06.803830+00:00
2022-05-14T18:01:05.817728Z,1073729,19.95000000,2.74000000,buy,2022-05-14 18:01:05.817728+00:00
2022-05-14T18:01:05.817728Z,1073728,19.95000000,1.28300000,buy,2022-05-14 18:01:05.817728+00:00
2022-05-14T18:01:05.802261Z,1073727,19.95000000,1.10000000,sell,2022-05-14 18:01:05.802261+00:00
2022-05-14T18:01:05.791318Z,1073726,19.95000000,2.55300000,sell,2022-05-14 18:01:05.791318+00:00
2022-05-14T18:01:05.747594Z,1073725,19.95000000,1.92000000,sell,2022-05-14 18:01:05.747594+00:00
2022-05-14T18:01:05.735997Z,1073724,19.95000000,1.92000000,sell,2022-05-14 18:01:05.735997+00:00
2022-05-14T18:01:05.720853Z,1073723,19.95000000,1.92000000,sell,2022-05-14 18:01:05.720853+00:00
2022-05-14T18:01:05.70017Z,1073722,20.06000000,194.67200000,sell,2022-05-14 18:01:05.700170+00:00
2022-05-14T18:01:05.70017Z,1073721,20.05000000,39.11100000,sell,2022-05-14 18:01:05.700170+00:00
2022-05-14T18:01:05.70017Z,1073720,20.04000000,15.87200000,sell,2022-05-14 18:01:05.700170+00:00
2022-05-14T18:01:05.70017Z,1073719,20.04000000,15.96000000,sell,2022-05-14 18:01:05.700170+00:00
2022-05-14T18:01:05.70017Z,1073718,20.03000000,125.40000000,sell,2022-05-14 18:01:05.700170+00:00
2022-05-14T18:01:05.70017Z,1073717,20.01000000,19.97300000,sell,2022-05-14 18:01:05.700170+00:00
2022-05-14T18:01:05.70017Z,1073716,20.00000000,12.88600000,sell,2022-05-14 18:01:05.700170+00:00
2022-05-14T18:01:05.70017Z,1073715,19.99000000,20.03700000,sell,2022-05-14 18:01:05.700170+00:00
2022-05-14T18:01:05.70017Z,1073714,19.99000000,6.64400000,sell,2022-05-14 18:01:05.700170+00:00
2022-05-14T18:01:05.70017Z,1073713,19.97000000,2.98600000,sell,2022-05-14 18:01:05.700170+00:00
2022-05-14T18:01:05.70017Z,1073712,19.96000000,32.08900000,sell,2022-05-14 18:01:05.700170+00:00
2022-05-14T18:01:05.70017Z,1073711,19.95000000,8.46000000,sell,2022-05-14 18:01:05.700170+00:00
2022-05-14T18:01:05.70017Z,1073710,19.95000000,3.99000000,sell,2022-05-14 18:01:05.700170+00:00
2022-05-14T18:01:05.70017Z,1073709,19.94000000,1.92000000,sell,2022-05-14 18:01:05.700170+00:00
2022-05-14T18:00:30.176996Z,1073708,20.04000000,0.01600000,sell,2022-05-14 18:00:30.176996+00:00
2022-05-14T17:59:30.756378Z,1073707,19.97000000,0.01600000,sell,2022-05-14 17:59:30.756378+00:00
2022-05-14T17:58:44.609841Z,1073706,20.00000000,0.01600000,sell,2022-05-14 17:58:44.609841+00:00
2022-05-14T17:57:59.246988Z,1073705,19.95000000,0.01100000,sell,2022-05-14 17:57:59.246988+00:00
2022-05-14T17:40:27.406723Z,1073704,19.75000000,0.89400000,buy,2022-05-14 17:40:27.406723+00:00
2022-05-14T17:40:27.406723Z,1073703,19.76000000,3.99000000,buy,2022-05-14 17:40:27.406723+00:00
2022-05-14T17:40:27.406723Z,1073702,19.76000000,2.20000000,buy,2022-05-14 17:40:27.406723+00:00
2022-05-14T17:40:27.406723Z,1073701,19.77000000,3.10000000,buy,2022-05-14 17:40:27.406723+00:00
2022-05-14T17:38:48.644189Z,1073700,19.69000000,0.97900000,buy,2022-05-14 17:38:48.644189+00:00
2022-05-14T17:35:23.089087Z,1073699,19.75000000,0.07900000,buy,2022-05-14 17:35:23.089087+00:00
2022-05-14T17:32:33.212502Z,1073698,19.82000000,0.17600000,sell,2022-05-14 17:32:33.212502+00:00
2022-05-14T17:30:24.369329Z,1073697,19.85000000,1.05100000,sell,2022-05-14 17:30:24.369329+00:00
2022-05-14T17:28:43.697945Z,1073696,19.89000000,0.11600000,buy,2022-05-14 17:28:43.697945+00:00
2022-05-14T17:25:45.676527Z,1073695,19.80000000,27.07300000,sell,2022-05-14 17:25:45.676527+00:00
2022-05-14T17:20:26.678543Z,1073694,19.93000000,0.60000000,buy,2022-05-14 17:20:26.678543+00:00
2022-05-14T17:13:45.427616Z,1073693,19.96000000,0.99800000,buy,2022-05-14 17:13:45.427616+00:00
2022-05-14T17:12:37.944389Z,1073692,19.98000000,3.97600000,sell,2022-05-14 17:12:37.944389+00:00
2022-05-14T17:11:09.328149Z,1073691,20.09000000,1.75800000,sell,2022-05-14 17:11:09.328149+00:00
2022-05-14T17:11:08.529925Z,1073690,20.09000000,2.20000000,sell,2022-05-14 17:11:08.529925+00:00
2022-05-14T17:06:00.672422Z,1073689,19.87000000,7.79100000,sell,2022-05-14 17:06:00.672422+00:00
2022-05-14T17:06:00.672422Z,1073688,19.87000000,15.96000000,sell,2022-05-14 17:06:00.672422+00:00
2022-05-14T17:06:00.672422Z,1073687,19.86000000,7.15100000,sell,2022-05-14 17:06:00.672422+00:00
2022-05-14T17:06:00.672422Z,1073686,19.85000000,0.76000000,sell,2022-05-14 17:06:00.672422+00:00
2022-05-14T17:06:00.672422Z,1073685,19.85000000,3.03700000,sell,2022-05-14 17:06:00.672422+00:00
2022-05-14T17:06:00.672422Z,1073684,19.84000000,2.20000000,sell,2022-05-14 17:06:00.672422+00:00
2022-05-14T17:06:00.672422Z,1073683,19.84000000,8.46000000,sell,2022-05-14 17:06:00.672422+00:00
2022-05-14T17:04:58.03654Z,1073682,19.77000000,3.81000000,sell,2022-05-14 17:04:58.036540+00:00
2022-05-14T17:04:58.03654Z,1073681,19.77000000,2.20000000,sell,2022-05-14 17:04:58.036540+00:00
2022-05-14T17:04:58.03654Z,1073680,19.76000000,3.99000000,sell,2022-05-14 17:04:58.036540+00:00
2022-05-14T17:04:12.133698Z,1073679,19.72000000,5.72800000,buy,2022-05-14 17:04:12.133698+00:00
2022-05-14T17:04:12.133698Z,1073678,19.73000000,15.96000000,buy,2022-05-14 17:04:12.133698+00:00
2022-05-14T17:04:12.133698Z,1073677,19.74000000,2.20000000,buy,2022-05-14 17:04:12.133698+00:00
2022-05-14T17:04:12.133698Z,1073676,19.74000000,3.99000000,buy,2022-05-14 17:04:12.133698+00:00
2022-05-14T17:03:52.202964Z,1073675,19.75000000,0.69700000,buy,2022-05-14 17:03:52.202964+00:00
2022-05-14T17:03:40.151449Z,1073674,19.76000000,0.02400000,buy,2022-05-14 17:03:40.151449+00:00
2022-05-14T16:54:11.560854Z,1073673,20.11000000,1.42500000,sell,2022-05-14 16:54:11.560854+00:00
2022-05-14T16:53:21.21274Z,1073672,20.21000000,3.95800000,buy,2022-05-14 16:53:21.212740+00:00
2022-05-14T16:52:50.99475Z,1073671,20.22000000,0.74900000,sell,2022-05-14 16:52:50.994750+00:00
2022-05-14T16:51:33.638398Z,1073670,20.20000000,0.01800000,buy,2022-05-14 16:51:33.638398+00:00
2022-05-14T16:51:17.714918Z,1073669,20.13000000,0.17900000,sell,2022-05-14 16:51:17.714918+00:00
2022-05-14T16:50:13.0386Z,1073668,19.99000000,6.86000000,sell,2022-05-14 16:50:13.038600+00:00
2022-05-14T16:50:08.970026Z,1073667,19.95000000,7.08000000,sell,2022-05-14 16:50:08.970026+00:00
2022-05-14T16:49:44.286872Z,1073666,19.90000000,0.72600000,sell,2022-05-14 16:49:44.286872+00:00
2022-05-14T16:49:44.286872Z,1073665,19.89000000,0.38000000,sell,2022-05-14 16:49:44.286872+00:00
2022-05-14T16:47:56.492248Z,1073664,19.87000000,0.01800000,buy,2022-05-14 16:47:56.492248+00:00
2022-05-14T16:46:38.717538Z,1073663,19.68000000,0.36900000,buy,2022-05-14 16:46:38.717538+00:00
2022-05-14T16:40:44.407808Z,1073662,19.77000000,0.05600000,buy,2022-05-14 16:40:44.407808+00:00
2022-05-14T16:40:28.115578Z,1073661,19.77000000,1.44200000,sell,2022-05-14 16:40:28.115578+00:00
2022-05-14T16:40:28.115578Z,1073660,19.76000000,3.99000000,sell,2022-05-14 16:40:28.115578+00:00
2022-05-14T16:40:28.115578Z,1073659,19.76000000,1.98000000,sell,2022-05-14 16:40:28.115578+00:00
2022-05-14T16:34:34.615566Z,1073658,19.91000000,0.80100000,buy,2022-05-14 16:34:34.615566+00:00
2022-05-14T16:31:46.549508Z,1073657,19.77000000,6.95100000,buy,2022-05-14 16:31:46.549508+00:00
2022-05-14T16:31:46.549508Z,1073656,19.78000000,3.99000000,buy,2022-05-14 16:31:46.549508+00:00
2022-05-14T16:31:46.549508Z,1073655,19.78000000,1.98000000,buy,2022-05-14 16:31:46.549508+00:00
2022-05-14T16:31:20.602906Z,1073654,19.90000000,26.07400000,sell,2022-05-14 16:31:20.602906+00:00
2022-05-14T16:31:19.185688Z,1073653,19.89000000,1.71000000,sell,2022-05-14 16:31:19.185688+00:00
2022-05-14T16:31:19.083088Z,1073652,19.89000000,3.99000000,sell,2022-05-14 16:31:19.083088+00:00
2022-05-14T16:30:54.393858Z,1073651,19.80000000,1.06100000,sell,2022-05-14 16:30:54.393858+00:00
2022-05-14T16:30:54.393858Z,1073650,19.79000000,3.99000000,sell,2022-05-14 16:30:54.393858+00:00
2022-05-14T16:20:22.21888Z,1073649,19.45000000,5.00000000,sell,2022-05-14 16:20:22.218880+00:00
2022-05-14T16:18:53.121164Z,1073648,19.39000000,1.03100000,sell,2022-05-14 16:18:53.121164+00:00
2022-05-14T16:18:53.06825Z,1073647,19.35000000,0.98500000,buy,2022-05-14 16:18:53.068250+00:00
2022-05-14T16:18:53.06825Z,1073646,19.36000000,3.99000000,buy,2022-05-14 16:18:53.068250+00:00
2022-05-14T16:14:59.773224Z,1073645,19.20000000,0.07000000,buy,2022-05-14 16:14:59.773224+00:00
2022-05-14T16:14:56.69194Z,1073644,19.23000000,0.78100000,sell,2022-05-14 16:14:56.691940+00:00
2022-05-14T16:14:47.960834Z,1073643,19.16000000,0.52300000,sell,2022-05-14 16:14:47.960834+00:00
2022-05-14T16:14:29.892507Z,1073642,19.03000000,5.86200000,buy,2022-05-14 16:14:29.892507+00:00
2022-05-14T16:14:29.892507Z,1073641,19.04000000,1.98000000,buy,2022-05-14 16:14:29.892507+00:00
2022-05-14T16:11:35.740167Z,1073640,19.00000000,1.10000000,buy,2022-05-14 16:11:35.740167+00:00
2022-05-14T16:11:33.543226Z,1073639,19.01000000,0.26100000,sell,2022-05-14 16:11:33.543226+00:00
2022-05-14T16:11:25.178252Z,1073638,19.01000000,0.01000000,buy,2022-05-14 16:11:25.178252+00:00
2022-05-14T16:09:33.702679Z,1073637,19.16000000,0.78300000,sell,2022-05-14 16:09:33.702679+00:00
2022-05-14T16:09:08.747141Z,1073636,19.21000000,0.01000000,sell,2022-05-14 16:09:08.747141+00:00
2022-05-14T16:07:38.689811Z,1073635,19.25000000,1.85100000,buy,2022-05-14 16:07:38.689811+00:00
2022-05-14T16:05:32.584067Z,1073634,19.23000000,1.30100000,sell,2022-05-14 16:05:32.584067+00:00
2022-05-14T15:58:47.227958Z,1073633,19.26000000,0.11700000,buy,2022-05-14 15:58:47.227958+00:00
2022-05-14T15:56:21.689417Z,1073632,19.21000000,0.05800000,buy,2022-05-14 15:56:21.689417+00:00
2022-05-14T15:50:35.88087Z,1073631,19.32000000,0.51500000,sell,2022-05-14 15:50:35.880870+00:00
2022-05-14T15:30:31.179007Z,1073630,19.45000000,0.11600000,sell,2022-05-14 15:30:31.179007+00:00
2022-05-14T15:30:22.783906Z,1073629,19.45000000,3.99000000,buy,2022-05-14 15:30:22.783906+00:00
2022-05-14T15:29:08.879423Z,1073628,19.45000000,3.99000000,buy,2022-05-14 15:29:08.879423+00:00
2022-05-14T15:28:48.171814Z,1073627,19.48000000,4.10600000,buy,2022-05-14 15:28:48.171814+00:00
2022-05-14T15:23:47.831045Z,1073626,19.54000000,0.01300000,buy,2022-05-14 15:23:47.831045+00:00
2022-05-14T15:17:57.747632Z,1073625,19.59000000,3.99000000,sell,2022-05-14 15:17:57.747632+00:00
2022-05-14T15:16:00.167235Z,1073624,19.50000000,0.77000000,sell,2022-05-14 15:16:00.167235+00:00
2022-05-14T15:12:38.977857Z,1073623,19.42000000,1.80300000,sell,2022-05-14 15:12:38.977857+00:00
2022-05-14T15:12:22.850103Z,1073622,19.41000000,1.69100000,sell,2022-05-14 15:12:22.850103+00:00
2022-05-14T15:10:08.315478Z,1073621,19.41000000,0.10700000,sell,2022-05-14 15:10:08.315478+00:00
2022-05-14T15:09:25.144569Z,1073620,19.33000000,0.61100000,buy,2022-05-14 15:09:25.144569+00:00
2022-05-14T15:06:30.544783Z,1073619,19.31000000,6.03700000,buy,2022-05-14 15:06:30.544783+00:00
2022-05-14T15:06:30.544783Z,1073618,19.32000000,25.13800000,buy,2022-05-14 15:06:30.544783+00:00
2022-05-14T15:06:30.544783Z,1073617,19.32000000,2.96900000,buy,2022-05-14 15:06:30.544783+00:00
2022-05-14T15:06:30.544783Z,1073616,19.33000000,25.83700000,buy,2022-05-14 15:06:30.544783+00:00
2022-05-14T15:06:30.544783Z,1073615,19.34000000,3.99000000,buy,2022-05-14 15:06:30.544783+00:00
2022-05-14T14:58:46.889583Z,1073614,19.30000000,5.73400000,sell,2022-05-14 14:58:46.889583+00:00
2022-05-14T14:53:43.722326Z,1073613,19.29000000,6.85400000,buy,2022-05-14 14:53:43.722326+00:00
2022-05-14T14:53:43.722326Z,1073612,19.29000000,3.06100000,buy,2022-05-14 14:53:43.722326+00:00
2022-05-14T14:53:43.722326Z,1073611,19.29000000,27.23900000,buy,2022-05-14 14:53:43.722326+00:00
2022-05-14T14:53:43.722326Z,1073610,19.30000000,3.14800000,buy,2022-05-14 14:53:43.722326+00:00
2022-05-14T14:53:43.722326Z,1073609,19.30000000,3.99000000,buy,2022-05-14 14:53:43.722326+00:00
2022-05-14T14:51:50.724604Z,1073608,19.34000000,2.58400000,sell,2022-05-14 14:51:50.724604+00:00
2022-05-14T14:51:49.482342Z,1073607,19.33000000,3.32900000,sell,2022-05-14 14:51:49.482342+00:00
2022-05-14T14:51:42.022367Z,1073606,19.32000000,3.29800000,sell,2022-05-14 14:51:42.022367+00:00
2022-05-14T14:50:25.09689Z,1073605,19.24000000,1.67000000,buy,2022-05-14 14:50:25.096890+00:00
2022-05-14T14:50:03.874281Z,1073604,19.22000000,0.60400000,buy,2022-05-14 14:50:03.874281+00:00
2022-05-14T14:47:39.595283Z,1073603,19.27000000,0.02900000,buy,2022-05-14 14:47:39.595283+00:00
2022-05-14T14:44:27.481058Z,1073602,19.40000000,7.07000000,sell,2022-05-14 14:44:27.481058+00:00
2022-05-14T14:44:27.481058Z,1073601,19.40000000,8.19000000,sell,2022-05-14 14:44:27.481058+00:00
2022-05-14T14:44:27.481058Z,1073600,19.40000000,6.69000000,sell,2022-05-14 14:44:27.481058+00:00
2022-05-14T14:44:27.481058Z,1073599,19.40000000,1.18100000,sell,2022-05-14 14:44:27.481058+00:00
2022-05-14T14:44:27.258151Z,1073598,19.40000000,6.22900000,sell,2022-05-14 14:44:27.258151+00:00
2022-05-14T14:44:20.819244Z,1073597,19.39000000,0.34000000,sell,2022-05-14 14:44:20.819244+00:00
2022-05-14T14:39:36.945168Z,1073596,19.24000000,1.09400000,buy,2022-05-14 14:39:36.945168+00:00
2022-05-14T14:39:36.945168Z,1073595,19.25000000,0.88600000,buy,2022-05-14 14:39:36.945168+00:00
2022-05-14T14:39:36.914509Z,1073594,19.25000000,1.98000000,buy,2022-05-14 14:39:36.914509+00:00
2022-05-14T14:37:25.262176Z,1073593,19.23000000,8.50400000,sell,2022-05-14 14:37:25.262176+00:00
2022-05-14T14:37:25.262176Z,1073592,19.22000000,1.69100000,sell,2022-05-14 14:37:25.262176+00:00
2022-05-14T14:36:25.429324Z,1073591,19.20000000,17.52500000,sell,2022-05-14 14:36:25.429324+00:00
2022-05-14T14:36:25.429324Z,1073590,19.19000000,26.08800000,sell,2022-05-14 14:36:25.429324+00:00
2022-05-14T14:36:25.429324Z,1073589,19.19000000,1.98000000,sell,2022-05-14 14:36:25.429324+00:00
2022-05-14T14:36:25.429324Z,1073588,19.18000000,3.61000000,sell,2022-05-14 14:36:25.429324+00:00
2022-05-14T14:36:25.429324Z,1073587,19.17000000,1.69100000,sell,2022-05-14 14:36:25.429324+00:00
2022-05-14T14:36:22.474271Z,1073586,19.19000000,2.35000000,buy,2022-05-14 14:36:22.474271+00:00
2022-05-14T14:34:31.930977Z,1073585,19.23000000,0.60400000,sell,2022-05-14 14:34:31.930977+00:00
2022-05-14T14:31:10.460739Z,1073584,19.33000000,50.00000000,sell,2022-05-14 14:31:10.460739+00:00
2022-05-14T14:30:23.962601Z,1073583,19.36000000,1.03200000,buy,2022-05-14 14:30:23.962601+00:00
2022-05-14T14:30:00.098239Z,1073582,19.38000000,1.80000000,sell,2022-05-14 14:30:00.098239+00:00
2022-05-14T14:29:40.913126Z,1073581,19.36000000,1.80000000,buy,2022-05-14 14:29:40.913126+00:00
2022-05-14T14:28:33.530329Z,1073580,19.32000000,2.86600000,sell,2022-05-14 14:28:33.530329+00:00
2022-05-14T14:25:03.372559Z,1073579,19.32000000,2.86600000,buy,2022-05-14 14:25:03.372559+00:00
2022-05-14T14:12:55.546321Z,1073578,19.01000000,2.86700000,sell,2022-05-14 14:12:55.546321+00:00
2022-05-14T14:12:55.526771Z,1073577,19.01000000,2.60500000,sell,2022-05-14 14:12:55.526771+00:00
2022-05-14T14:12:52.707258Z,1073576,19.01000000,0.26100000,sell,2022-05-14 14:12:52.707258+00:00
2022-05-14T14:10:59.383287Z,1073575,19.01000000,1.94500000,sell,2022-05-14 14:10:59.383287+00:00
2022-05-14T14:10:54.379654Z,1073574,19.00000000,1.98000000,buy,2022-05-14 14:10:54.379654+00:00
2022-05-14T14:10:54.363627Z,1073573,19.00000000,1.98000000,buy,2022-05-14 14:10:54.363627+00:00
2022-05-14T14:10:54.351213Z,1073572,19.00000000,1.98000000,buy,2022-05-14 14:10:54.351213+00:00
2022-05-14T14:10:54.324379Z,1073571,18.96000000,18.91100000,buy,2022-05-14 14:10:54.324379+00:00
2022-05-14T14:10:54.324379Z,1073570,18.97000000,16.20900000,buy,2022-05-14 14:10:54.324379+00:00
2022-05-14T14:10:54.324379Z,1073569,18.97000000,3.09100000,buy,2022-05-14 14:10:54.324379+00:00
2022-05-14T14:10:54.324379Z,1073568,18.97000000,28.84700000,buy,2022-05-14 14:10:54.324379+00:00
2022-05-14T14:10:54.324379Z,1073567,18.99000000,2.66400000,buy,2022-05-14 14:10:54.324379+00:00
2022-05-14T14:10:54.324379Z,1073566,19.00000000,3.99000000,buy,2022-05-14 14:10:54.324379+00:00
2022-05-14T14:10:54.324379Z,1073565,19.00000000,26.28800000,buy,2022-05-14 14:10:54.324379+00:00
2022-05-14T14:08:21.358163Z,1073564,18.85000000,1.01000000,buy,2022-05-14 14:08:21.358163+00:00
2022-05-14T14:04:39.587277Z,1073563,18.84000000,8.51800000,buy,2022-05-14 14:04:39.587277+00:00
2022-05-14T14:00:22.537289Z,1073562,18.91000000,2.86600000,buy,2022-05-14 14:00:22.537289+00:00
2022-05-14T13:55:34.52233Z,1073561,19.00000000,2.86600000,sell,2022-05-14 13:55:34.522330+00:00
2022-05-14T13:55:33.997894Z,1073560,18.99000000,2.63300000,sell,2022-05-14 13:55:33.997894+00:00
2022-05-14T13:51:50.810074Z,1073559,18.83000000,0.89600000,buy,2022-05-14 13:51:50.810074+00:00
2022-05-14T13:51:49.174872Z,1073558,18.89000000,4.17300000,buy,2022-05-14 13:51:49.174872+00:00
2022-05-14T13:51:41.120273Z,1073557,18.89000000,14.39700000,buy,2022-05-14 13:51:41.120273+00:00
2022-05-14T13:49:03.895588Z,1073556,18.91000000,0.84600000,buy,2022-05-14 13:49:03.895588+00:00
2022-05-14T13:49:03.883121Z,1073555,18.91000000,0.87900000,buy,2022-05-14 13:49:03.883121+00:00
2022-05-14T13:49:03.867821Z,1073554,18.91000000,1.14200000,buy,2022-05-14 13:49:03.867821+00:00
2022-05-14T13:49:02.648127Z,1073553,18.91000000,2.84600000,buy,2022-05-14 13:49:02.648127+00:00
2022-05-14T13:49:02.426887Z,1073552,18.91000000,0.02000000,buy,2022-05-14 13:49:02.426887+00:00
2022-05-14T13:48:22.845966Z,1073551,18.89000000,0.02000000,buy,2022-05-14 13:48:22.845966+00:00
2022-05-14T13:48:22.735876Z,1073550,18.90000000,0.40000000,buy,2022-05-14 13:48:22.735876+00:00
2022-05-14T13:48:22.735876Z,1073549,18.90000000,0.05300000,buy,2022-05-14 13:48:22.735876+00:00
2022-05-14T13:44:01.276175Z,1073548,19.07000000,3.10400000,sell,2022-05-14 13:44:01.276175+00:00
2022-05-14T13:35:35.504628Z,1073547,19.32000000,1.24900000,sell,2022-05-14 13:35:35.504628+00:00
2022-05-14T13:29:40.885808Z,1073546,19.32000000,3.04000000,sell,2022-05-14 13:29:40.885808+00:00
2022-05-14T13:25:20.674025Z,1073545,19.27000000,0.01300000,buy,2022-05-14 13:25:20.674025+00:00
2022-05-14T13:24:55.941265Z,1073544,19.31000000,1.16900000,sell,2022-05-14 13:24:55.941265+00:00
2022-05-14T13:18:30.985404Z,1073543,19.14000000,17.39700000,sell,2022-05-14 13:18:30.985404+00:00
2022-05-14T13:18:30.985404Z,1073542,19.14000000,1.82000000,sell,2022-05-14 13:18:30.985404+00:00
2022-05-14T13:18:30.985404Z,1073541,19.13000000,2.86700000,sell,2022-05-14 13:18:30.985404+00:00
2022-05-14T13:18:30.985404Z,1073540,19.13000000,3.99000000,sell,2022-05-14 13:18:30.985404+00:00
2022-05-14T13:18:26.072386Z,1073539,19.10000000,2.86600000,sell,2022-05-14 13:18:26.072386+00:00
2022-05-14T13:17:58.065142Z,1073538,19.15000000,23.69500000,buy,2022-05-14 13:17:58.065142+00:00
2022-05-14T13:17:58.020272Z,1073537,19.15000000,1.82000000,buy,2022-05-14 13:17:58.020272+00:00
2022-05-14T13:17:58.004531Z,1073536,19.15000000,1.82000000,buy,2022-05-14 13:17:58.004531+00:00
2022-05-14T13:17:57.988114Z,1073535,19.15000000,1.82000000,buy,2022-05-14 13:17:57.988114+00:00
2022-05-14T13:17:57.972569Z,1073534,19.15000000,1.82000000,buy,2022-05-14 13:17:57.972569+00:00
2022-05-14T13:17:57.960718Z,1073533,19.15000000,52.27100000,buy,2022-05-14 13:17:57.960718+00:00
2022-05-14T13:17:46.963461Z,1073532,19.18000000,25.49000000,sell,2022-05-14 13:17:46.963461+00:00
2022-05-14T13:17:46.963461Z,1073531,19.18000000,24.10600000,sell,2022-05-14 13:17:46.963461+00:00
2022-05-14T13:17:46.963461Z,1073530,19.17000000,3.99000000,sell,2022-05-14 13:17:46.963461+00:00
2022-05-14T13:17:12.098923Z,1073529,19.16000000,1.95700000,buy,2022-05-14 13:17:12.098923+00:00
2022-05-14T13:17:12.06679Z,1073528,19.14000000,16.20900000,buy,2022-05-14 13:17:12.066790+00:00
2022-05-14T13:17:12.06679Z,1073527,19.14000000,52.09800000,buy,2022-05-14 13:17:12.066790+00:00
2022-05-14T13:17:12.06679Z,1073526,19.15000000,1.82000000,buy,2022-05-14 13:17:12.066790+00:00
2022-05-14T13:17:12.06679Z,1073525,19.15000000,3.99000000,buy,2022-05-14 13:17:12.066790+00:00
2022-05-14T13:17:12.06679Z,1073524,19.16000000,1.95600000,buy,2022-05-14 13:17:12.066790+00:00
2022-05-14T13:17:06.117332Z,1073523,19.19000000,1.82000000,buy,2022-05-14 13:17:06.117332+00:00
2022-05-14T13:05:03.85756Z,1073522,19.35000000,30.51100000,sell,2022-05-14 13:05:03.857560+00:00
2022-05-14T13:05:03.85756Z,1073521,19.35000000,16.20900000,sell,2022-05-14 13:05:03.857560+00:00
2022-05-14T13:05:03.85756Z,1073520,19.34000000,3.99000000,sell,2022-05-14 13:05:03.857560+00:00
2022-05-14T12:50:37.049938Z,1073519,19.46000000,1.81600000,sell,2022-05-14 12:50:37.049938+00:00
2022-05-14T12:49:04.409905Z,1073518,19.44000000,3.94700000,buy,2022-05-14 12:49:04.409905+00:00
2022-05-14T12:49:04.409905Z,1073517,19.44000000,1.81600000,buy,2022-05-14 12:49:04.409905+00:00
2022-05-14T12:48:04.796581Z,1073516,19.44000000,0.91400000,buy,2022-05-14 12:48:04.796581+00:00
2022-05-14T12:46:56.664906Z,1073515,19.42000000,2.01000000,sell,2022-05-14 12:46:56.664906+00:00
2022-05-14T12:46:56.664906Z,1073514,19.42000000,3.99000000,sell,2022-05-14 12:46:56.664906+00:00
2022-05-14T12:45:10.935527Z,1073513,19.43000000,2.13700000,sell,2022-05-14 12:45:10.935527+00:00
2022-05-14T12:43:50.109114Z,1073512,19.40000000,1.70500000,sell,2022-05-14 12:43:50.109114+00:00
2022-05-14T12:43:38.427185Z,1073511,19.41000000,1.89100000,sell,2022-05-14 12:43:38.427185+00:00
2022-05-14T12:42:53.658917Z,1073510,19.46000000,1.82000000,sell,2022-05-14 12:42:53.658917+00:00
2022-05-14T12:42:53.451204Z,1073509,19.46000000,1.82000000,sell,2022-05-14 12:42:53.451204+00:00
2022-05-14T12:42:53.319846Z,1073508,19.46000000,1.82000000,sell,2022-05-14 12:42:53.319846+00:00
2022-05-14T12:42:53.296413Z,1073507,19.43000000,1.74400000,buy,2022-05-14 12:42:53.296413+00:00
2022-05-14T12:42:53.296413Z,1073506,19.45000000,0.07600000,buy,2022-05-14 12:42:53.296413+00:00
2022-05-14T12:42:53.28092Z,1073505,19.45000000,1.82000000,buy,2022-05-14 12:42:53.280920+00:00
2022-05-14T12:42:53.254914Z,1073504,19.43000000,8.92800000,buy,2022-05-14 12:42:53.254914+00:00
2022-05-14T12:42:53.254914Z,1073503,19.43000000,16.20900000,buy,2022-05-14 12:42:53.254914+00:00
2022-05-14T12:42:53.254914Z,1073502,19.44000000,3.99000000,buy,2022-05-14 12:42:53.254914+00:00
2022-05-14T12:42:53.254914Z,1073501,19.44000000,1.89500000,buy,2022-05-14 12:42:53.254914+00:00
2022-05-14T12:42:53.254914Z,1073500,19.44000000,1.82000000,buy,2022-05-14 12:42:53.254914+00:00
2022-05-14T12:34:09.012135Z,1073499,19.46000000,1.94200000,sell,2022-05-14 12:34:09.012135+00:00
2022-05-14T12:30:03.829698Z,1073498,19.59000000,1.84800000,buy,2022-05-14 12:30:03.829698+00:00
2022-05-14T12:27:25.150876Z,1073497,19.54000000,2.03600000,buy,2022-05-14 12:27:25.150876+00:00
2022-05-14T12:24:21.058001Z,1073496,19.48000000,0.84600000,sell,2022-05-14 12:24:21.058001+00:00
2022-05-14T12:24:21.054596Z,1073495,19.48000000,2.02000000,sell,2022-05-14 12:24:21.054596+00:00
2022-05-14T12:18:02.977537Z,1073494,19.46000000,2.86600000,buy,2022-05-14 12:18:02.977537+00:00
2022-05-14T12:17:01.696809Z,1073493,19.47000000,2.38800000,sell,2022-05-14 12:17:01.696809+00:00
2022-05-14T12:17:01.696809Z,1073492,19.47000000,2.62000000,sell,2022-05-14 12:17:01.696809+00:00
2022-05-14T12:11:13.981723Z,1073491,19.49000000,0.74900000,buy,2022-05-14 12:11:13.981723+00:00
2022-05-14T12:11:07.480546Z,1073490,19.50000000,1.00000000,sell,2022-05-14 12:11:07.480546+00:00
2022-05-14T12:07:48.513571Z,1073489,19.62000000,1.87100000,sell,2022-05-14 12:07:48.513571+00:00
2022-05-14T12:07:44.00751Z,1073488,19.60000000,0.10600000,sell,2022-05-14 12:07:44.007510+00:00
2022-05-14T12:06:25.239809Z,1073487,19.54000000,0.01000000,buy,2022-05-14 12:06:25.239809+00:00
2022-05-14T12:06:08.280769Z,1073486,19.54000000,1.97200000,buy,2022-05-14 12:06:08.280769+00:00
2022-05-14T12:05:57.120449Z,1073485,19.55000000,0.30500000,buy,2022-05-14 12:05:57.120449+00:00
2022-05-14T12:03:30.506128Z,1073484,19.64000000,0.45700000,sell,2022-05-14 12:03:30.506128+00:00
2022-05-14T12:03:19.691826Z,1073483,19.62000000,2.20000000,sell,2022-05-14 12:03:19.691826+00:00
2022-05-14T12:02:16.224313Z,1073482,19.61000000,0.08100000,buy,2022-05-14 12:02:16.224313+00:00
2022-05-14T12:00:18.950798Z,1073481,19.69000000,0.54500000,buy,2022-05-14 12:00:18.950798+00:00
2022-05-14T12:00:05.618282Z,1073480,19.74000000,3.99000000,buy,2022-05-14 12:00:05.618282+00:00
2022-05-14T12:00:05.448045Z,1073479,19.74000000,2.02800000,buy,2022-05-14 12:00:05.448045+00:00
2022-05-14T12:00:05.448045Z,1073478,19.74000000,3.99000000,buy,2022-05-14 12:00:05.448045+00:00
2022-05-14T11:56:52.227194Z,1073477,19.88000000,2.02700000,buy,2022-05-14 11:56:52.227194+00:00
2022-05-14T11:55:52.5253Z,1073476,19.81000000,2.26100000,sell,2022-05-14 11:55:52.525300+00:00
2022-05-14T11:55:47.588052Z,1073475,19.76000000,1.66300000,sell,2022-05-14 11:55:47.588052+00:00
2022-05-14T11:54:22.719418Z,1073474,19.69000000,1.97400000,buy,2022-05-14 11:54:22.719418+00:00
2022-05-14T11:53:49.699567Z,1073473,19.71000000,0.74900000,sell,2022-05-14 11:53:49.699567+00:00
2022-05-14T11:53:43.5635Z,1073472,19.71000000,0.05000000,sell,2022-05-14 11:53:43.563500+00:00
2022-05-14T11:50:46.648085Z,1073471,19.57000000,2.10500000,buy,2022-05-14 11:50:46.648085+00:00
2022-05-14T11:45:52.703222Z,1073470,19.40000000,13.85300000,buy,2022-05-14 11:45:52.703222+00:00
2022-05-14T11:45:48.201715Z,1073469,19.37000000,0.11200000,sell,2022-05-14 11:45:48.201715+00:00
2022-05-14T11:44:35.318345Z,1073468,19.19000000,1.64300000,sell,2022-05-14 11:44:35.318345+00:00
2022-05-14T11:41:47.652976Z,1073467,19.25000000,16.20900000,sell,2022-05-14 11:41:47.652976+00:00
2022-05-14T11:39:26.064158Z,1073466,19.21000000,1.96800000,buy,2022-05-14 11:39:26.064158+00:00
2022-05-14T11:39:26.064158Z,1073465,19.21000000,0.05000000,buy,2022-05-14 11:39:26.064158+00:00
2022-05-14T11:39:26.064158Z,1073464,19.23000000,0.18200000,buy,2022-05-14 11:39:26.064158+00:00
2022-05-14T11:37:45.991251Z,1073463,19.21000000,2.73900000,sell,2022-05-14 11:37:45.991251+00:00
2022-05-14T11:37:45.705882Z,1073462,19.21000000,35.79900000,sell,2022-05-14 11:37:45.705882+00:00
2022-05-14T11:37:45.705882Z,1073461,19.21000000,16.20900000,sell,2022-05-14 11:37:45.705882+00:00
2022-05-14T11:37:35.931727Z,1073460,19.15000000,16.20900000,sell,2022-05-14 11:37:35.931727+00:00
2022-05-14T11:37:04.763444Z,1073459,19.14000000,0.04000000,sell,2022-05-14 11:37:04.763444+00:00
2022-05-14T11:35:41.522949Z,1073458,19.16000000,16.20900000,sell,2022-05-14 11:35:41.522949+00:00
2022-05-14T11:34:37.084351Z,1073457,19.02000000,1.19800000,buy,2022-05-14 11:34:37.084351+00:00
2022-05-14T11:33:55.550971Z,1073456,19.00000000,2.86700000,sell,2022-05-14 11:33:55.550971+00:00
2022-05-14T11:31:46.05331Z,1073455,19.00000000,0.70000000,buy,2022-05-14 11:31:46.053310+00:00
2022-05-14T11:31:27.925841Z,1073454,19.00000000,0.66600000,sell,2022-05-14 11:31:27.925841+00:00
2022-05-14T11:31:26.423241Z,1073453,19.00000000,2.20000000,sell,2022-05-14 11:31:26.423241+00:00
2022-05-14T11:31:17.068553Z,1073452,19.02000000,52.63200000,buy,2022-05-14 11:31:17.068553+00:00
2022-05-14T11:31:09.672534Z,1073451,19.05000000,8.55000000,buy,2022-05-14 11:31:09.672534+00:00
2022-05-14T11:31:03.338864Z,1073450,19.06000000,2.86700000,buy,2022-05-14 11:31:03.338864+00:00
2022-05-14T11:31:03.216025Z,1073449,19.06000000,2.86600000,buy,2022-05-14 11:31:03.216025+00:00
2022-05-14T11:30:09.219357Z,1073448,19.02000000,16.20900000,sell,2022-05-14 11:30:09.219357+00:00
2022-05-14T11:30:07.197545Z,1073447,18.97000000,1.95300000,sell,2022-05-14 11:30:07.197545+00:00
2022-05-14T11:30:06.787742Z,1073446,18.97000000,1.95300000,sell,2022-05-14 11:30:06.787742+00:00
2022-05-14T11:29:05.677979Z,1073445,18.98000000,4.72300000,buy,2022-05-14 11:29:05.677979+00:00
2022-05-14T11:29:05.677979Z,1073444,18.98000000,1.82600000,buy,2022-05-14 11:29:05.677979+00:00
2022-05-14T11:28:06.69495Z,1073443,18.99000000,2.08000000,sell,2022-05-14 11:28:06.694950+00:00
2022-05-14T11:25:59.219371Z,1073442,19.08000000,0.01500000,buy,2022-05-14 11:25:59.219371+00:00
2022-05-14T11:23:49.567721Z,1073441,19.18000000,0.54500000,sell,2022-05-14 11:23:49.567721+00:00
2022-05-14T11:22:40.073066Z,1073440,19.21000000,2.08000000,buy,2022-05-14 11:22:40.073066+00:00
2022-05-14T11:22:40.053036Z,1073439,19.23000000,2.08000000,buy,2022-05-14 11:22:40.053036+00:00
2022-05-14T11:21:50.377027Z,1073438,19.20000000,16.20900000,sell,2022-05-14 11:21:50.377027+00:00
2022-05-14T11:21:36.626015Z,1073437,19.14000000,16.20900000,sell,2022-05-14 11:21:36.626015+00:00
2022-05-14T11:20:46.390382Z,1073436,19.13000000,1.41200000,sell,2022-05-14 11:20:46.390382+00:00
2022-05-14T11:20:17.133292Z,1073435,19.14000000,0.57000000,sell,2022-05-14 11:20:17.133292+00:00
2022-05-14T11:20:17.133292Z,1073434,19.14000000,2.86600000,sell,2022-05-14 11:20:17.133292+00:00
2022-05-14T11:19:54.107514Z,1073433,19.07000000,5.13700000,sell,2022-05-14 11:19:54.107514+00:00
2022-05-14T11:16:41.029276Z,1073432,19.04000000,2.86600000,buy,2022-05-14 11:16:41.029276+00:00
2022-05-14T11:14:36.921245Z,1073431,19.00000000,3.00000000,buy,2022-05-14 11:14:36.921245+00:00
2022-05-14T11:14:36.921245Z,1073430,19.00000000,4.00000000,buy,2022-05-14 11:14:36.921245+00:00
2022-05-14T11:14:11.055487Z,1073429,19.04000000,4.88800000,sell,2022-05-14 11:14:11.055487+00:00
2022-05-14T11:13:50.88047Z,1073428,19.03000000,3.99000000,sell,2022-05-14 11:13:50.880470+00:00
2022-05-14T11:13:49.014541Z,1073427,19.02000000,1.62700000,sell,2022-05-14 11:13:49.014541+00:00
2022-05-14T11:13:38.838089Z,1073426,19.04000000,1.62700000,buy,2022-05-14 11:13:38.838089+00:00
2022-05-14T11:13:27.62264Z,1073425,19.06000000,16.31800000,sell,2022-05-14 11:13:27.622640+00:00
2022-05-14T11:13:22.458458Z,1073424,19.04000000,2.64600000,sell,2022-05-14 11:13:22.458458+00:00
2022-05-14T11:13:22.02163Z,1073423,19.03000000,0.44800000,buy,2022-05-14 11:13:22.021630+00:00
2022-05-14T11:13:21.713231Z,1073422,19.04000000,13.56300000,sell,2022-05-14 11:13:21.713231+00:00
2022-05-14T11:12:55.722708Z,1073421,19.08000000,0.05100000,sell,2022-05-14 11:12:55.722708+00:00
2022-05-14T11:12:17.821747Z,1073420,19.16000000,0.45700000,buy,2022-05-14 11:12:17.821747+00:00
2022-05-14T11:11:24.799001Z,1073419,19.19000000,0.54900000,buy,2022-05-14 11:11:24.799001+00:00
2022-05-14T11:11:15.521028Z,1073418,19.23000000,2.86600000,sell,2022-05-14 11:11:15.521028+00:00
2022-05-14T11:10:28.898309Z,1073417,19.30000000,2.86600000,buy,2022-05-14 11:10:28.898309+00:00
2022-05-14T11:05:59.311781Z,1073416,19.48000000,0.38500000,buy,2022-05-14 11:05:59.311781+00:00
2022-05-14T11:05:59.311781Z,1073415,19.49000000,3.99000000,buy,2022-05-14 11:05:59.311781+00:00
2022-05-14T11:05:28.372316Z,1073414,19.47000000,0.31700000,buy,2022-05-14 11:05:28.372316+00:00
2022-05-14T11:01:35.016211Z,1073413,19.22000000,0.10800000,sell,2022-05-14 11:01:35.016211+00:00
2022-05-14T11:01:30.420534Z,1073412,19.22000000,0.56500000,sell,2022-05-14 11:01:30.420534+00:00
2022-05-14T11:01:30.420534Z,1073411,19.22000000,1.52000000,sell,2022-05-14 11:01:30.420534+00:00
2022-05-14T11:01:27.906873Z,1073410,19.22000000,1.30000000,sell,2022-05-14 11:01:27.906873+00:00
2022-05-14T11:01:26.926629Z,1073409,19.25000000,3.99000000,sell,2022-05-14 11:01:26.926629+00:00
2022-05-14T11:01:26.926629Z,1073408,19.24000000,0.03500000,sell,2022-05-14 11:01:26.926629+00:00
2022-05-14T11:01:26.926629Z,1073407,19.23000000,1.89000000,sell,2022-05-14 11:01:26.926629+00:00
2022-05-14T11:01:24.766003Z,1073406,19.24000000,2.10000000,sell,2022-05-14 11:01:24.766003+00:00
2022-05-14T11:01:23.565429Z,1073405,19.24000000,1.40000000,sell,2022-05-14 11:01:23.565429+00:00
2022-05-14T11:00:04.500023Z,1073404,19.34000000,2.13500000,buy,2022-05-14 11:00:04.500023+00:00
2022-05-14T11:00:03.783794Z,1073403,19.33000000,0.49600000,sell,2022-05-14 11:00:03.783794+00:00
2022-05-14T11:00:03.783794Z,1073402,19.33000000,16.20900000,sell,2022-05-14 11:00:03.783794+00:00
2022-05-14T10:59:05.059658Z,1073401,19.34000000,3.99000000,sell,2022-05-14 10:59:05.059658+00:00
2022-05-14T10:57:51.962235Z,1073400,19.28000000,16.20900000,sell,2022-05-14 10:57:51.962235+00:00
2022-05-14T10:55:49.198211Z,1073399,19.33000000,2.47900000,sell,2022-05-14 10:55:49.198211+00:00
2022-05-14T10:55:49.166464Z,1073398,19.33000000,2.47800000,sell,2022-05-14 10:55:49.166464+00:00
2022-05-14T10:55:34.528297Z,1073397,19.31000000,0.77600000,sell,2022-05-14 10:55:34.528297+00:00
2022-05-14T10:54:36.362826Z,1073396,19.32000000,1.89000000,buy,2022-05-14 10:54:36.362826+00:00
2022-05-14T10:54:36.347612Z,1073395,19.32000000,1.89000000,buy,2022-05-14 10:54:36.347612+00:00
2022-05-14T10:54:36.33607Z,1073394,19.32000000,1.89000000,buy,2022-05-14 10:54:36.336070+00:00
2022-05-14T10:54:36.317896Z,1073393,19.32000000,1.89000000,buy,2022-05-14 10:54:36.317896+00:00
2022-05-14T10:54:36.298509Z,1073392,19.28000000,34.88500000,buy,2022-05-14 10:54:36.298509+00:00
2022-05-14T10:54:36.298509Z,1073391,19.29000000,2.72200000,buy,2022-05-14 10:54:36.298509+00:00
2022-05-14T10:54:36.298509Z,1073390,19.29000000,2.70200000,buy,2022-05-14 10:54:36.298509+00:00
2022-05-14T10:54:36.298509Z,1073389,19.29000000,51.69100000,buy,2022-05-14 10:54:36.298509+00:00
2022-05-14T10:54:36.298509Z,1073388,19.30000000,38.53800000,buy,2022-05-14 10:54:36.298509+00:00
2022-05-14T10:54:36.298509Z,1073387,19.31000000,16.20900000,buy,2022-05-14 10:54:36.298509+00:00
2022-05-14T10:54:36.298509Z,1073386,19.31000000,2.00000000,buy,2022-05-14 10:54:36.298509+00:00
2022-05-14T10:54:36.298509Z,1073385,19.32000000,3.99000000,buy,2022-05-14 10:54:36.298509+00:00
2022-05-14T10:54:36.298509Z,1073384,19.32000000,1.89000000,buy,2022-05-14 10:54:36.298509+00:00
2022-05-14T10:54:36.298509Z,1073383,19.32000000,25.85500000,buy,2022-05-14 10:54:36.298509+00:00
2022-05-14T10:53:53.907545Z,1073382,19.37000000,3.20700000,buy,2022-05-14 10:53:53.907545+00:00
2022-05-14T10:53:51.847629Z,1073381,19.38000000,2.72700000,buy,2022-05-14 10:53:51.847629+00:00
2022-05-14T10:52:26.94012Z,1073380,19.41000000,0.86700000,buy,2022-05-14 10:52:26.940120+00:00
2022-05-14T10:52:26.923626Z,1073379,19.41000000,1.12100000,buy,2022-05-14 10:52:26.923626+00:00
2022-05-14T10:52:00.506946Z,1073378,19.43000000,0.53500000,buy,2022-05-14 10:52:00.506946+00:00
2022-05-14T10:52:00.492031Z,1073377,19.43000000,0.48300000,buy,2022-05-14 10:52:00.492031+00:00
2022-05-14T10:49:27.930659Z,1073376,19.53000000,2.04200000,sell,2022-05-14 10:49:27.930659+00:00
2022-05-14T10:49:08.350957Z,1073375,19.49000000,2.04100000,sell,2022-05-14 10:49:08.350957+00:00
2022-05-14T10:48:37.54088Z,1073374,19.49000000,1.64900000,buy,2022-05-14 10:48:37.540880+00:00
2022-05-14T10:47:53.00659Z,1073373,19.50000000,0.38500000,buy,2022-05-14 10:47:53.006590+00:00
2022-05-14T10:47:52.992981Z,1073372,19.50000000,0.39400000,buy,2022-05-14 10:47:52.992981+00:00
2022-05-14T10:47:52.979955Z,1073371,19.50000000,0.36200000,buy,2022-05-14 10:47:52.979955+00:00
2022-05-14T10:47:52.969785Z,1073370,19.50000000,0.35400000,buy,2022-05-14 10:47:52.969785+00:00
2022-05-14T10:47:52.647597Z,1073369,19.51000000,0.51800000,buy,2022-05-14 10:47:52.647597+00:00
2022-05-14T10:47:52.634861Z,1073368,19.51000000,0.42100000,buy,2022-05-14 10:47:52.634861+00:00
2022-05-14T10:47:11.356645Z,1073367,19.52000000,1.77900000,sell,2022-05-14 10:47:11.356645+00:00
2022-05-14T10:45:57.819517Z,1073366,19.43000000,1.77900000,sell,2022-05-14 10:45:57.819517+00:00
2022-05-14T10:44:18.901004Z,1073365,19.54000000,0.03700000,buy,2022-05-14 10:44:18.901004+00:00
2022-05-14T10:42:16.174999Z,1073364,19.59000000,0.10000000,buy,2022-05-14 10:42:16.174999+00:00
2022-05-14T10:40:35.140785Z,1073363,19.64000000,0.68500000,buy,2022-05-14 10:40:35.140785+00:00
2022-05-14T10:40:35.12972Z,1073362,19.64000000,1.99700000,buy,2022-05-14 10:40:35.129720+00:00
2022-05-14T10:40:29.749608Z,1073361,19.65000000,0.38300000,buy,2022-05-14 10:40:29.749608+00:00
2022-05-14T10:40:29.729275Z,1073360,19.65000000,0.45600000,buy,2022-05-14 10:40:29.729275+00:00
2022-05-14T10:38:05.617154Z,1073359,19.73000000,2.02100000,sell,2022-05-14 10:38:05.617154+00:00
2022-05-14T10:37:26.616842Z,1073358,19.74000000,0.02000000,buy,2022-05-14 10:37:26.616842+00:00
2022-05-14T10:34:09.664344Z,1073357,19.63000000,2.00000000,sell,2022-05-14 10:34:09.664344+00:00
2022-05-14T10:34:09.453335Z,1073356,19.63000000,1.73200000,sell,2022-05-14 10:34:09.453335+00:00
2022-05-14T10:32:15.907919Z,1073355,19.65000000,0.40500000,buy,2022-05-14 10:32:15.907919+00:00
2022-05-14T10:32:15.89671Z,1073354,19.65000000,0.79300000,buy,2022-05-14 10:32:15.896710+00:00
2022-05-14T10:32:15.881213Z,1073353,19.65000000,0.71400000,buy,2022-05-14 10:32:15.881213+00:00
2022-05-14T10:32:03.337389Z,1073352,19.69000000,0.06200000,buy,2022-05-14 10:32:03.337389+00:00
2022-05-14T10:32:03.320846Z,1073351,19.69000000,1.85000000,buy,2022-05-14 10:32:03.320846+00:00
2022-05-14T10:31:43.540444Z,1073350,19.71000000,0.87900000,buy,2022-05-14 10:31:43.540444+00:00
2022-05-14T10:31:43.524965Z,1073349,19.71000000,1.03000000,buy,2022-05-14 10:31:43.524965+00:00
2022-05-14T10:31:33.247922Z,1073348,19.70000000,1.79100000,sell,2022-05-14 10:31:33.247922+00:00
2022-05-14T10:31:33.222131Z,1073347,19.70000000,1.79100000,sell,2022-05-14 10:31:33.222131+00:00
2022-05-14T10:31:22.403145Z,1073346,19.69000000,0.88300000,buy,2022-05-14 10:31:22.403145+00:00
2022-05-14T10:31:18.373402Z,1073345,19.71000000,0.09900000,buy,2022-05-14 10:31:18.373402+00:00
2022-05-14T10:31:18.362564Z,1073344,19.71000000,0.33800000,buy,2022-05-14 10:31:18.362564+00:00
2022-05-14T10:31:18.348968Z,1073343,19.71000000,0.31800000,buy,2022-05-14 10:31:18.348968+00:00
2022-05-14T10:31:18.334473Z,1073342,19.71000000,0.37600000,buy,2022-05-14 10:31:18.334473+00:00
2022-05-14T10:31:18.321503Z,1073341,19.71000000,0.37400000,buy,2022-05-14 10:31:18.321503+00:00
2022-05-14T10:31:18.312007Z,1073340,19.71000000,0.31000000,buy,2022-05-14 10:31:18.312007+00:00
2022-05-14T10:31:18.297145Z,1073339,19.71000000,0.33900000,buy,2022-05-14 10:31:18.297145+00:00
2022-05-14T10:31:18.281241Z,1073338,19.71000000,0.33900000,buy,2022-05-14 10:31:18.281241+00:00
2022-05-14T10:31:18.269076Z,1073337,19.71000000,0.37300000,buy,2022-05-14 10:31:18.269076+00:00
2022-05-14T10:31:17.414676Z,1073336,19.72000000,0.71600000,buy,2022-05-14 10:31:17.414676+00:00
2022-05-14T10:31:05.922071Z,1073335,19.72000000,2.67800000,sell,2022-05-14 10:31:05.922071+00:00
2022-05-14T10:31:04.316395Z,1073334,19.71000000,1.18800000,sell,2022-05-14 10:31:04.316395+00:00
2022-05-14T10:31:04.149485Z,1073333,19.70000000,2.67700000,sell,2022-05-14 10:31:04.149485+00:00
2022-05-14T10:31:03.075514Z,1073332,19.69000000,3.99000000,sell,2022-05-14 10:31:03.075514+00:00
2022-05-14T10:29:28.282413Z,1073331,19.65000000,0.07800000,buy,2022-05-14 10:29:28.282413+00:00
2022-05-14T10:29:28.270654Z,1073330,19.65000000,0.85900000,buy,2022-05-14 10:29:28.270654+00:00
2022-05-14T10:29:28.258315Z,1073329,19.65000000,0.71100000,buy,2022-05-14 10:29:28.258315+00:00
2022-05-14T10:29:28.242244Z,1073328,19.65000000,0.83300000,buy,2022-05-14 10:29:28.242244+00:00
2022-05-14T10:29:11.621643Z,1073327,19.60000000,1.69200000,sell,2022-05-14 10:29:11.621643+00:00
2022-05-14T10:29:02.527422Z,1073326,19.60000000,0.58000000,buy,2022-05-14 10:29:02.527422+00:00
2022-05-14T10:29:02.511512Z,1073325,19.60000000,0.61200000,buy,2022-05-14 10:29:02.511512+00:00
2022-05-14T10:29:01.638121Z,1073324,19.60000000,3.99000000,sell,2022-05-14 10:29:01.638121+00:00
2022-05-14T10:28:48.008368Z,1073323,19.58000000,1.69900000,buy,2022-05-14 10:28:48.008368+00:00
2022-05-14T10:28:37.655755Z,1073322,19.56000000,2.86600000,sell,2022-05-14 10:28:37.655755+00:00
2022-05-14T10:28:09.666541Z,1073321,19.57000000,0.19000000,buy,2022-05-14 10:28:09.666541+00:00
2022-05-14T10:27:55.709853Z,1073320,19.56000000,1.89000000,buy,2022-05-14 10:27:55.709853+00:00
2022-05-14T10:27:55.694798Z,1073319,19.56000000,1.89000000,buy,2022-05-14 10:27:55.694798+00:00
2022-05-14T10:27:55.680045Z,1073318,19.56000000,1.89000000,buy,2022-05-14 10:27:55.680045+00:00
2022-05-14T10:27:55.668134Z,1073317,19.56000000,1.89000000,buy,2022-05-14 10:27:55.668134+00:00
2022-05-14T10:27:55.64966Z,1073316,19.54000000,0.21400000,buy,2022-05-14 10:27:55.649660+00:00
2022-05-14T10:27:55.64966Z,1073315,19.55000000,1.67600000,buy,2022-05-14 10:27:55.649660+00:00
2022-05-14T10:27:55.63128Z,1073314,19.53000000,12.05700000,buy,2022-05-14 10:27:55.631280+00:00
2022-05-14T10:27:55.63128Z,1073313,19.54000000,38.53800000,buy,2022-05-14 10:27:55.631280+00:00
2022-05-14T10:27:55.63128Z,1073312,19.54000000,120.00000000,buy,2022-05-14 10:27:55.631280+00:00
2022-05-14T10:27:55.63128Z,1073311,19.54000000,5.34800000,buy,2022-05-14 10:27:55.631280+00:00
2022-05-14T10:27:55.63128Z,1073310,19.55000000,16.20900000,buy,2022-05-14 10:27:55.631280+00:00
2022-05-14T10:27:55.63128Z,1073309,19.55000000,1.67500000,buy,2022-05-14 10:27:55.631280+00:00
2022-05-14T10:27:55.63128Z,1073308,19.56000000,50.99100000,buy,2022-05-14 10:27:55.631280+00:00
2022-05-14T10:27:55.63128Z,1073307,19.56000000,6.12600000,buy,2022-05-14 10:27:55.631280+00:00
2022-05-14T10:27:55.63128Z,1073306,19.58000000,25.50600000,buy,2022-05-14 10:27:55.631280+00:00
2022-05-14T10:27:55.63128Z,1073305,19.58000000,1.89000000,buy,2022-05-14 10:27:55.631280+00:00
2022-05-14T10:27:55.63128Z,1073304,19.59000000,3.99000000,buy,2022-05-14 10:27:55.631280+00:00
2022-05-14T10:24:25.422534Z,1073303,19.50000000,2.00000000,buy,2022-05-14 10:24:25.422534+00:00
2022-05-14T10:17:33.579933Z,1073302,19.68000000,2.02400000,buy,2022-05-14 10:17:33.579933+00:00
2022-05-14T10:17:00.074079Z,1073301,19.71000000,0.65000000,sell,2022-05-14 10:17:00.074079+00:00
2022-05-14T10:14:01.301869Z,1073300,19.73000000,0.44500000,buy,2022-05-14 10:14:01.301869+00:00
2022-05-14T10:13:59.475472Z,1073299,19.76000000,0.45500000,buy,2022-05-14 10:13:59.475472+00:00
2022-05-14T10:11:13.719188Z,1073298,19.92000000,0.81300000,sell,2022-05-14 10:11:13.719188+00:00
2022-05-14T10:11:01.293601Z,1073297,19.92000000,2.28000000,sell,2022-05-14 10:11:01.293601+00:00
2022-05-14T10:11:01.26672Z,1073296,19.92000000,3.99000000,sell,2022-05-14 10:11:01.266720+00:00
2022-05-14T10:11:01.26672Z,1073295,19.92000000,1.60100000,sell,2022-05-14 10:11:01.266720+00:00
2022-05-14T10:09:49.180327Z,1073294,19.87000000,2.10000000,buy,2022-05-14 10:09:49.180327+00:00
2022-05-14T10:09:49.168526Z,1073293,19.87000000,2.10000000,buy,2022-05-14 10:09:49.168526+00:00
2022-05-14T10:09:49.149078Z,1073292,19.88000000,2.10000000,buy,2022-05-14 10:09:49.149078+00:00
2022-05-14T10:09:49.129871Z,1073291,19.85000000,25.81200000,buy,2022-05-14 10:09:49.129871+00:00
2022-05-14T10:09:49.129871Z,1073290,19.85000000,80.34700000,buy,2022-05-14 10:09:49.129871+00:00
2022-05-14T10:09:49.129871Z,1073289,19.86000000,16.20900000,buy,2022-05-14 10:09:49.129871+00:00
2022-05-14T10:09:49.129871Z,1073288,19.87000000,3.01600000,buy,2022-05-14 10:09:49.129871+00:00
2022-05-14T10:09:49.129871Z,1073287,19.87000000,2.10000000,buy,2022-05-14 10:09:49.129871+00:00
2022-05-14T10:09:49.129871Z,1073286,19.87000000,25.13300000,buy,2022-05-14 10:09:49.129871+00:00
2022-05-14T10:09:49.129871Z,1073285,19.88000000,1.94800000,buy,2022-05-14 10:09:49.129871+00:00
2022-05-14T10:09:49.129871Z,1073284,19.88000000,1.14000000,buy,2022-05-14 10:09:49.129871+00:00
2022-05-14T10:08:21.826101Z,1073283,19.91000000,1.86300000,sell,2022-05-14 10:08:21.826101+00:00
2022-05-14T10:08:21.792697Z,1073282,19.91000000,2.86600000,sell,2022-05-14 10:08:21.792697+00:00
2022-05-14T10:06:52.105137Z,1073281,19.92000000,2.10000000,buy,2022-05-14 10:06:52.105137+00:00
2022-05-14T10:06:52.092856Z,1073280,19.92000000,2.10000000,buy,2022-05-14 10:06:52.092856+00:00
2022-05-14T10:06:52.077236Z,1073279,19.92000000,2.10000000,buy,2022-05-14 10:06:52.077236+00:00
2022-05-14T10:06:52.057539Z,1073278,19.92000000,2.10000000,buy,2022-05-14 10:06:52.057539+00:00
2022-05-14T10:06:52.037987Z,1073277,19.92000000,3.50900000,buy,2022-05-14 10:06:52.037987+00:00
2022-05-14T10:06:52.037987Z,1073276,19.93000000,2.02500000,buy,2022-05-14 10:06:52.037987+00:00
2022-05-14T10:06:52.001752Z,1073275,19.88000000,66.33500000,buy,2022-05-14 10:06:52.001752+00:00
2022-05-14T10:06:52.001752Z,1073274,19.88000000,50.17300000,buy,2022-05-14 10:06:52.001752+00:00
2022-05-14T10:06:52.001752Z,1073273,19.89000000,16.20900000,buy,2022-05-14 10:06:52.001752+00:00
2022-05-14T10:06:52.001752Z,1073272,19.91000000,28.90300000,buy,2022-05-14 10:06:52.001752+00:00
2022-05-14T10:06:52.001752Z,1073271,19.92000000,25.07600000,buy,2022-05-14 10:06:52.001752+00:00
2022-05-14T10:06:52.001752Z,1073270,19.92000000,2.10000000,buy,2022-05-14 10:06:52.001752+00:00
2022-05-14T10:06:52.001752Z,1073269,19.93000000,3.99000000,buy,2022-05-14 10:06:52.001752+00:00
2022-05-14T10:06:52.001752Z,1073268,19.93000000,2.02500000,buy,2022-05-14 10:06:52.001752+00:00
2022-05-14T10:06:30.483449Z,1073267,19.94000000,16.91600000,sell,2022-05-14 10:06:30.483449+00:00
2022-05-14T10:06:30.483449Z,1073266,19.94000000,2.10000000,sell,2022-05-14 10:06:30.483449+00:00
2022-05-14T10:06:30.483449Z,1073265,19.93000000,3.99000000,sell,2022-05-14 10:06:30.483449+00:00
2022-05-14T10:06:30.483449Z,1073264,19.93000000,1.62800000,sell,2022-05-14 10:06:30.483449+00:00
2022-05-14T10:05:46.761864Z,1073263,19.88000000,0.44500000,buy,2022-05-14 10:05:46.761864+00:00
2022-05-14T10:03:53.925618Z,1073262,20.00000000,1.04700000,sell,2022-05-14 10:03:53.925618+00:00
2022-05-14T10:02:58.870711Z,1073261,20.10000000,2.86600000,buy,2022-05-14 10:02:58.870711+00:00
2022-05-14T09:59:25.741454Z,1073260,20.04000000,1.65000000,sell,2022-05-14 09:59:25.741454+00:00
2022-05-14T09:59:09.081991Z,1073259,20.02000000,2.10000000,sell,2022-05-14 09:59:09.081991+00:00
2022-05-14T09:58:19.319051Z,1073258,19.93000000,0.45000000,sell,2022-05-14 09:58:19.319051+00:00
2022-05-14T09:58:19.319051Z,1073257,19.92000000,1.65000000,sell,2022-05-14 09:58:19.319051+00:00
2022-05-14T09:58:19.146537Z,1073256,19.93000000,1.76700000,sell,2022-05-14 09:58:19.146537+00:00
2022-05-14T09:58:19.146537Z,1073255,19.91000000,0.33300000,sell,2022-05-14 09:58:19.146537+00:00
2022-05-14T09:58:19.117014Z,1073254,19.91000000,2.10000000,sell,2022-05-14 09:58:19.117014+00:00
2022-05-14T09:58:08.368917Z,1073253,19.92000000,2.85000000,buy,2022-05-14 09:58:08.368917+00:00
2022-05-14T09:54:07.315619Z,1073252,20.00000000,1.00800000,buy,2022-05-14 09:54:07.315619+00:00
2022-05-14T09:53:56.516181Z,1073251,20.04000000,2.36400000,buy,2022-05-14 09:53:56.516181+00:00
2022-05-14T09:53:56.516181Z,1073250,20.04000000,3.99000000,buy,2022-05-14 09:53:56.516181+00:00
2022-05-14T09:53:37.001395Z,1073249,20.07000000,2.36400000,sell,2022-05-14 09:53:37.001395+00:00
2022-05-14T09:51:57.746372Z,1073248,20.00000000,0.03000000,buy,2022-05-14 09:51:57.746372+00:00
2022-05-14T09:49:36.959418Z,1073247,20.11000000,2.84800000,buy,2022-05-14 09:49:36.959418+00:00
2022-05-14T09:49:36.854084Z,1073246,20.11000000,2.84700000,buy,2022-05-14 09:49:36.854084+00:00
2022-05-14T09:48:32.047994Z,1073245,20.10000000,0.03800000,buy,2022-05-14 09:48:32.047994+00:00
2022-05-14T09:47:50.601346Z,1073244,20.20000000,3.99000000,buy,2022-05-14 09:47:50.601346+00:00
2022-05-14T09:47:50.601346Z,1073243,20.20000000,16.20900000,buy,2022-05-14 09:47:50.601346+00:00
2022-05-14T09:47:49.996383Z,1073242,20.21000000,3.99000000,buy,2022-05-14 09:47:49.996383+00:00
2022-05-14T09:46:00.962612Z,1073241,20.23000000,3.50500000,sell,2022-05-14 09:46:00.962612+00:00
2022-05-14T09:46:00.962612Z,1073240,20.23000000,1.33000000,sell,2022-05-14 09:46:00.962612+00:00
2022-05-14T09:44:59.969244Z,1073239,20.14000000,1.01900000,sell,2022-05-14 09:44:59.969244+00:00
2022-05-14T09:44:06.035814Z,1073238,20.17000000,1.20300000,buy,2022-05-14 09:44:06.035814+00:00
2022-05-14T09:35:20.959321Z,1073237,20.30000000,9.92500000,sell,2022-05-14 09:35:20.959321+00:00
2022-05-14T09:34:12.934152Z,1073236,20.26000000,1.52000000,sell,2022-05-14 09:34:12.934152+00:00
2022-05-14T09:34:12.934152Z,1073235,20.26000000,29.13500000,sell,2022-05-14 09:34:12.934152+00:00
2022-05-14T09:34:11.754174Z,1073234,20.25000000,1.91000000,sell,2022-05-14 09:34:11.754174+00:00
2022-05-14T09:30:07.221991Z,1073233,20.35000000,1.05300000,sell,2022-05-14 09:30:07.221991+00:00
2022-05-14T09:30:07.221991Z,1073232,20.35000000,1.91000000,sell,2022-05-14 09:30:07.221991+00:00
2022-05-14T09:30:07.221991Z,1073231,20.34000000,2.83800000,sell,2022-05-14 09:30:07.221991+00:00
2022-05-14T09:30:07.221991Z,1073230,20.34000000,3.99000000,sell,2022-05-14 09:30:07.221991+00:00
2022-05-14T09:22:17.725034Z,1073229,20.55000000,5.87300000,buy,2022-05-14 09:22:17.725034+00:00
2022-05-14T09:22:17.725034Z,1073228,20.55000000,2.88700000,buy,2022-05-14 09:22:17.725034+00:00
2022-05-14T09:22:17.725034Z,1073227,20.55000000,29.81900000,buy,2022-05-14 09:22:17.725034+00:00
2022-05-14T09:22:17.725034Z,1073226,20.56000000,3.99000000,buy,2022-05-14 09:22:17.725034+00:00
2022-05-14T09:13:29.699652Z,1073225,20.58000000,1.76100000,sell,2022-05-14 09:13:29.699652+00:00
2022-05-14T09:13:29.699652Z,1073224,20.57000000,3.32800000,sell,2022-05-14 09:13:29.699652+00:00
2022-05-14T09:13:29.699652Z,1073223,20.57000000,3.99000000,sell,2022-05-14 09:13:29.699652+00:00
2022-05-14T09:13:29.699652Z,1073222,20.57000000,2.83700000,sell,2022-05-14 09:13:29.699652+00:00
2022-05-14T09:13:06.858798Z,1073221,20.56000000,0.05800000,sell,2022-05-14 09:13:06.858798+00:00
2022-05-14T09:11:58.905203Z,1073220,20.56000000,1.53900000,buy,2022-05-14 09:11:58.905203+00:00
2022-05-14T09:11:58.905203Z,1073219,20.56000000,2.31300000,buy,2022-05-14 09:11:58.905203+00:00
2022-05-14T08:54:07.009619Z,1073218,20.46000000,18.39900000,buy,2022-05-14 08:54:07.009619+00:00
2022-05-14T08:54:07.009619Z,1073217,20.47000000,24.40600000,buy,2022-05-14 08:54:07.009619+00:00
2022-05-14T08:54:07.009619Z,1073216,20.48000000,3.99000000,buy,2022-05-14 08:54:07.009619+00:00
2022-05-14T08:54:07.009619Z,1073215,20.48000000,2.65200000,buy,2022-05-14 08:54:07.009619+00:00
2022-05-14T08:54:07.009619Z,1073214,20.49000000,2.31300000,buy,2022-05-14 08:54:07.009619+00:00
2022-05-14T08:50:55.915838Z,1073213,20.45000000,0.48500000,buy,2022-05-14 08:50:55.915838+00:00
2022-05-14T08:45:11.658407Z,1073212,20.35000000,1.91000000,buy,2022-05-14 08:45:11.658407+00:00
2022-05-14T08:41:26.755448Z,1073211,20.67000000,6.93300000,sell,2022-05-14 08:41:26.755448+00:00
2022-05-14T08:41:26.755448Z,1073210,20.67000000,16.20900000,sell,2022-05-14 08:41:26.755448+00:00
2022-05-14T08:41:26.755448Z,1073209,20.67000000,1.91000000,sell,2022-05-14 08:41:26.755448+00:00
2022-05-14T08:41:07.761796Z,1073208,20.67000000,48.32600000,sell,2022-05-14 08:41:07.761796+00:00
2022-05-14T08:41:07.653948Z,1073207,20.67000000,48.32600000,sell,2022-05-14 08:41:07.653948+00:00
2022-05-14T08:41:07.354465Z,1073206,20.66000000,1.52000000,sell,2022-05-14 08:41:07.354465+00:00
2022-05-14T08:41:07.27471Z,1073205,20.65000000,3.99000000,sell,2022-05-14 08:41:07.274710+00:00
2022-05-14T08:41:07.219311Z,1073204,20.63000000,1.91000000,sell,2022-05-14 08:41:07.219311+00:00
2022-05-14T08:41:07.195941Z,1073203,20.62000000,24.28000000,sell,2022-05-14 08:41:07.195941+00:00
2022-05-14T08:41:07.151297Z,1073202,20.60000000,1.91000000,sell,2022-05-14 08:41:07.151297+00:00
2022-05-14T08:38:59.171896Z,1073201,20.46000000,2.39600000,sell,2022-05-14 08:38:59.171896+00:00
2022-05-14T08:37:48.595236Z,1073200,20.41000000,0.12300000,buy,2022-05-14 08:37:48.595236+00:00
2022-05-14T08:35:41.542753Z,1073199,20.35000000,0.24900000,buy,2022-05-14 08:35:41.542753+00:00
2022-05-14T08:34:09.599213Z,1073198,20.34000000,0.25000000,buy,2022-05-14 08:34:09.599213+00:00
2022-05-14T08:27:23.488197Z,1073197,20.02000000,2.65500000,sell,2022-05-14 08:27:23.488197+00:00
2022-05-14T08:23:59.920887Z,1073196,20.16000000,0.04400000,buy,2022-05-14 08:23:59.920887+00:00
2022-05-14T08:21:56.825891Z,1073195,20.15000000,2.61100000,sell,2022-05-14 08:21:56.825891+00:00
2022-05-14T08:19:43.922732Z,1073194,20.11000000,0.82900000,buy,2022-05-14 08:19:43.922732+00:00
2022-05-14T08:17:46.916975Z,1073193,20.18000000,3.99000000,sell,2022-05-14 08:17:46.916975+00:00
2022-05-14T08:15:02.532273Z,1073192,20.10000000,9.46000000,buy,2022-05-14 08:15:02.532273+00:00
2022-05-14T08:15:02.356546Z,1073191,20.10000000,49.80900000,buy,2022-05-14 08:15:02.356546+00:00
2022-05-14T08:15:02.339958Z,1073190,20.10000000,1.99200000,buy,2022-05-14 08:15:02.339958+00:00
2022-05-14T08:15:02.324278Z,1073189,20.10000000,1.70800000,buy,2022-05-14 08:15:02.324278+00:00
2022-05-14T08:15:02.246035Z,1073188,20.10000000,49.80900000,buy,2022-05-14 08:15:02.246035+00:00
2022-05-14T08:15:02.097409Z,1073187,20.10000000,49.80900000,buy,2022-05-14 08:15:02.097409+00:00
2022-05-14T08:15:02.028461Z,1073186,20.10000000,9.26000000,buy,2022-05-14 08:15:02.028461+00:00
2022-05-14T08:14:26.011514Z,1073185,20.11000000,3.80000000,buy,2022-05-14 08:14:26.011514+00:00
2022-05-14T08:13:04.479659Z,1073184,20.10000000,1.57000000,buy,2022-05-14 08:13:04.479659+00:00
2022-05-14T08:13:04.462091Z,1073183,20.10000000,1.57000000,buy,2022-05-14 08:13:04.462091+00:00
2022-05-14T08:13:04.420694Z,1073182,20.10000000,1.57000000,buy,2022-05-14 08:13:04.420694+00:00
2022-05-14T08:13:04.398472Z,1073181,20.11000000,1.57000000,buy,2022-05-14 08:13:04.398472+00:00
2022-05-14T08:13:04.365082Z,1073180,20.11000000,120.00000000,buy,2022-05-14 08:13:04.365082+00:00
2022-05-14T08:13:04.365082Z,1073179,20.11000000,49.60600000,buy,2022-05-14 08:13:04.365082+00:00
2022-05-14T08:13:04.365082Z,1073178,20.13000000,2.75300000,buy,2022-05-14 08:13:04.365082+00:00
2022-05-14T08:13:04.365082Z,1073177,20.13000000,2.67100000,buy,2022-05-14 08:13:04.365082+00:00
2022-05-14T08:13:04.365082Z,1073176,20.14000000,3.99000000,buy,2022-05-14 08:13:04.365082+00:00
2022-05-14T08:06:07.844119Z,1073175,20.08000000,2.13000000,sell,2022-05-14 08:06:07.844119+00:00
2022-05-14T08:05:33.062756Z,1073174,20.07000000,0.78600000,buy,2022-05-14 08:05:33.062756+00:00
2022-05-14T08:03:57.084898Z,1073173,20.18000000,0.45700000,buy,2022-05-14 08:03:57.084898+00:00
2022-05-14T08:03:06.350314Z,1073172,20.18000000,2.86600000,buy,2022-05-14 08:03:06.350314+00:00
2022-05-14T08:02:53.201521Z,1073171,20.20000000,3.69300000,sell,2022-05-14 08:02:53.201521+00:00
2022-05-14T08:01:47.32492Z,1073170,20.23000000,2.44600000,sell,2022-05-14 08:01:47.324920+00:00
2022-05-14T08:00:55.430005Z,1073169,20.20000000,2.18300000,buy,2022-05-14 08:00:55.430005+00:00
2022-05-14T08:00:55.430005Z,1073168,20.21000000,1.85000000,buy,2022-05-14 08:00:55.430005+00:00
2022-05-14T07:57:50.821046Z,1073167,20.13000000,2.52600000,sell,2022-05-14 07:57:50.821046+00:00
2022-05-14T07:53:40.874548Z,1073166,20.12000000,0.20700000,buy,2022-05-14 07:53:40.874548+00:00
2022-05-14T07:36:24.698265Z,1073165,20.27000000,0.04800000,buy,2022-05-14 07:36:24.698265+00:00
2022-05-14T07:36:09.926629Z,1073164,20.21000000,2.86600000,sell,2022-05-14 07:36:09.926629+00:00
2022-05-14T07:29:41.040298Z,1073163,20.34000000,1.87900000,buy,2022-05-14 07:29:41.040298+00:00
2022-05-14T07:29:40.73185Z,1073162,20.34000000,1.87900000,buy,2022-05-14 07:29:40.731850+00:00
2022-05-14T07:17:26.251836Z,1073161,20.31000000,1.97500000,sell,2022-05-14 07:17:26.251836+00:00
2022-05-14T07:13:03.652312Z,1073160,20.31000000,1.78300000,buy,2022-05-14 07:13:03.652312+00:00
2022-05-14T07:12:56.06079Z,1073159,20.31000000,1.50000000,buy,2022-05-14 07:12:56.060790+00:00
2022-05-14T07:05:08.447937Z,1073158,20.16000000,0.33400000,sell,2022-05-14 07:05:08.447937+00:00
2022-05-14T07:05:08.447937Z,1073157,20.16000000,1.61600000,sell,2022-05-14 07:05:08.447937+00:00
2022-05-14T06:57:08.936641Z,1073156,20.27000000,0.34100000,sell,2022-05-14 06:57:08.936641+00:00
2022-05-14T06:56:51.219671Z,1073155,20.26000000,1.95000000,sell,2022-05-14 06:56:51.219671+00:00
2022-05-14T06:56:15.58639Z,1073154,20.23000000,0.10400000,sell,2022-05-14 06:56:15.586390+00:00
2022-05-14T06:55:09.342631Z,1073153,20.26000000,0.23700000,sell,2022-05-14 06:55:09.342631+00:00
2022-05-14T06:54:58.080671Z,1073152,20.26000000,0.04600000,sell,2022-05-14 06:54:58.080671+00:00
2022-05-14T06:54:16.16444Z,1073151,20.26000000,0.08900000,sell,2022-05-14 06:54:16.164440+00:00
2022-05-14T06:53:48.080596Z,1073150,20.25000000,2.86700000,buy,2022-05-14 06:53:48.080596+00:00
2022-05-14T06:53:47.841146Z,1073149,20.25000000,2.86600000,buy,2022-05-14 06:53:47.841146+00:00
2022-05-14T06:53:40.02006Z,1073148,20.27000000,0.08800000,sell,2022-05-14 06:53:40.020060+00:00
2022-05-14T06:52:33.416909Z,1073147,20.27000000,0.08600000,sell,2022-05-14 06:52:33.416909+00:00
2022-05-14T06:52:02.711666Z,1073146,20.28000000,0.05100000,sell,2022-05-14 06:52:02.711666+00:00
2022-05-14T06:49:25.496745Z,1073145,20.21000000,0.04900000,sell,2022-05-14 06:49:25.496745+00:00
2022-05-14T06:48:20.955185Z,1073144,20.22000000,0.04600000,sell,2022-05-14 06:48:20.955185+00:00
2022-05-14T06:47:17.515384Z,1073143,20.22000000,0.05600000,sell,2022-05-14 06:47:17.515384+00:00
2022-05-14T06:46:18.476343Z,1073142,20.25000000,0.03500000,sell,2022-05-14 06:46:18.476343+00:00
2022-05-14T06:45:22.283641Z,1073141,20.20000000,0.02000000,sell,2022-05-14 06:45:22.283641+00:00
2022-05-14T06:34:09.352429Z,1073140,20.11000000,17.69600000,sell,2022-05-14 06:34:09.352429+00:00
2022-05-14T06:34:09.352429Z,1073139,20.10000000,2.16000000,sell,2022-05-14 06:34:09.352429+00:00
2022-05-14T06:34:09.352429Z,1073138,20.10000000,24.90000000,sell,2022-05-14 06:34:09.352429+00:00
2022-05-14T06:34:09.352429Z,1073137,20.09000000,3.99000000,sell,2022-05-14 06:34:09.352429+00:00
2022-05-14T06:33:08.757936Z,1073136,20.09000000,7.93200000,sell,2022-05-14 06:33:08.757936+00:00
2022-05-14T06:33:08.757936Z,1073135,20.08000000,36.68300000,sell,2022-05-14 06:33:08.757936+00:00
2022-05-14T06:33:08.757936Z,1073134,20.07000000,3.99000000,sell,2022-05-14 06:33:08.757936+00:00
2022-05-14T06:33:08.757936Z,1073133,20.06000000,3.15500000,sell,2022-05-14 06:33:08.757936+00:00
2022-05-14T06:32:58.268054Z,1073132,20.07000000,2.01800000,buy,2022-05-14 06:32:58.268054+00:00
2022-05-14T06:28:25.872634Z,1073131,19.99000000,0.01100000,sell,2022-05-14 06:28:25.872634+00:00
2022-05-14T06:24:02.164628Z,1073130,20.01000000,1.69800000,sell,2022-05-14 06:24:02.164628+00:00
2022-05-14T06:20:49.964415Z,1073129,19.95000000,0.01000000,buy,2022-05-14 06:20:49.964415+00:00
2022-05-14T06:20:45.859186Z,1073128,19.96000000,4.09400000,sell,2022-05-14 06:20:45.859186+00:00
2022-05-14T06:20:00.413744Z,1073127,19.90000000,1.96000000,sell,2022-05-14 06:20:00.413744+00:00
2022-05-14T06:11:30.19601Z,1073126,19.90000000,1.32300000,buy,2022-05-14 06:11:30.196010+00:00
2022-05-14T06:11:30.149335Z,1073125,19.90000000,1.96000000,buy,2022-05-14 06:11:30.149335+00:00
2022-05-14T06:11:11.553624Z,1073124,19.94000000,3.80000000,buy,2022-05-14 06:11:11.553624+00:00
2022-05-14T06:11:11.000243Z,1073123,19.96000000,3.09200000,buy,2022-05-14 06:11:11.000243+00:00
2022-05-14T06:10:13.66347Z,1073122,19.94000000,1.70200000,sell,2022-05-14 06:10:13.663470+00:00
2022-05-14T06:08:59.845771Z,1073121,19.96000000,1.75600000,buy,2022-05-14 06:08:59.845771+00:00
2022-05-14T06:03:48.781127Z,1073120,19.97000000,0.30400000,sell,2022-05-14 06:03:48.781127+00:00
2022-05-14T06:02:42.58053Z,1073119,19.96000000,3.36200000,sell,2022-05-14 06:02:42.580530+00:00
2022-05-14T06:02:42.58053Z,1073118,19.96000000,1.64900000,sell,2022-05-14 06:02:42.580530+00:00
2022-05-14T06:02:31.419193Z,1073117,19.94000000,0.31900000,buy,2022-05-14 06:02:31.419193+00:00
2022-05-14T05:55:38.293767Z,1073116,20.07000000,0.11200000,buy,2022-05-14 05:55:38.293767+00:00
2022-05-14T05:48:43.705504Z,1073115,20.15000000,3.00000000,buy,2022-05-14 05:48:43.705504+00:00
2022-05-14T05:47:30.751993Z,1073114,20.16000000,2.86600000,sell,2022-05-14 05:47:30.751993+00:00
2022-05-14T05:44:56.655128Z,1073113,20.13000000,3.12300000,buy,2022-05-14 05:44:56.655128+00:00
2022-05-14T05:42:12.707239Z,1073112,20.13000000,0.02800000,buy,2022-05-14 05:42:12.707239+00:00
2022-05-14T05:39:59.750209Z,1073111,20.04000000,3.15100000,sell,2022-05-14 05:39:59.750209+00:00
2022-05-14T05:38:21.806116Z,1073110,20.13000000,2.86600000,buy,2022-05-14 05:38:21.806116+00:00
2022-05-14T05:34:22.811611Z,1073109,19.93000000,2.86600000,sell,2022-05-14 05:34:22.811611+00:00
2022-05-14T05:33:52.756651Z,1073108,20.00000000,5.00000000,buy,2022-05-14 05:33:52.756651+00:00
2022-05-14T05:33:48.223446Z,1073107,20.01000000,2.75100000,buy,2022-05-14 05:33:48.223446+00:00
2022-05-14T05:33:02.241312Z,1073106,20.01000000,0.02500000,buy,2022-05-14 05:33:02.241312+00:00
2022-05-14T05:25:23.431239Z,1073105,20.30000000,2.32600000,buy,2022-05-14 05:25:23.431239+00:00
2022-05-14T05:25:13.947057Z,1073104,20.29000000,0.24100000,buy,2022-05-14 05:25:13.947057+00:00
2022-05-14T05:24:06.559318Z,1073103,20.28000000,0.01000000,sell,2022-05-14 05:24:06.559318+00:00
2022-05-14T05:21:24.175367Z,1073102,20.25000000,2.42200000,sell,2022-05-14 05:21:24.175367+00:00
2022-05-14T05:21:24.175367Z,1073101,20.25000000,3.35100000,sell,2022-05-14 05:21:24.175367+00:00
2022-05-14T05:18:23.784031Z,1073100,20.25000000,2.00000000,buy,2022-05-14 05:18:23.784031+00:00
2022-05-14T05:09:51.941724Z,1073099,20.14000000,0.10400000,sell,2022-05-14 05:09:51.941724+00:00
2022-05-14T05:06:41.916545Z,1073098,20.05000000,1.53700000,sell,2022-05-14 05:06:41.916545+00:00
2022-05-14T05:04:59.928675Z,1073097,20.08000000,0.05000000,buy,2022-05-14 05:04:59.928675+00:00
2022-05-14T05:02:30.031679Z,1073096,20.01000000,2.86600000,buy,2022-05-14 05:02:30.031679+00:00
2022-05-14T05:01:14.196368Z,1073095,20.19000000,2.01900000,sell,2022-05-14 05:01:14.196368+00:00
2022-05-14T05:01:14.196368Z,1073094,20.19000000,2.95600000,sell,2022-05-14 05:01:14.196368+00:00
2022-05-14T04:57:40.187073Z,1073093,19.90000000,2.77700000,sell,2022-05-14 04:57:40.187073+00:00
2022-05-14T04:54:05.347361Z,1073092,19.94000000,0.44800000,buy,2022-05-14 04:54:05.347361+00:00
2022-05-14T04:53:52.095803Z,1073091,19.97000000,2.85400000,buy,2022-05-14 04:53:52.095803+00:00
2022-05-14T04:49:46.360483Z,1073090,20.06000000,9.37300000,buy,2022-05-14 04:49:46.360483+00:00
2022-05-14T04:49:46.360483Z,1073089,20.07000000,24.88500000,buy,2022-05-14 04:49:46.360483+00:00
2022-05-14T04:49:46.360483Z,1073088,20.08000000,3.99000000,buy,2022-05-14 04:49:46.360483+00:00
2022-05-14T04:49:46.360483Z,1073087,20.08000000,3.42200000,buy,2022-05-14 04:49:46.360483+00:00
2022-05-14T04:48:10.023558Z,1073086,20.00000000,0.30000000,buy,2022-05-14 04:48:10.023558+00:00
2022-05-14T04:48:10.023558Z,1073085,20.00000000,1.90000000,buy,2022-05-14 04:48:10.023558+00:00
2022-05-14T04:45:05.910317Z,1073084,20.13000000,1.80000000,buy,2022-05-14 04:45:05.910317+00:00
2022-05-14T04:44:20.148162Z,1073083,20.14000000,1.80000000,sell,2022-05-14 04:44:20.148162+00:00
2022-05-14T04:43:41.020478Z,1073082,20.11000000,1.80600000,buy,2022-05-14 04:43:41.020478+00:00
2022-05-14T04:43:39.99288Z,1073081,20.11000000,1.80500000,buy,2022-05-14 04:43:39.992880+00:00
2022-05-14T04:41:50.844932Z,1073080,20.24000000,16.67300000,sell,2022-05-14 04:41:50.844932+00:00
2022-05-14T04:41:50.844932Z,1073079,20.24000000,1.80000000,sell,2022-05-14 04:41:50.844932+00:00
2022-05-14T04:41:50.844932Z,1073078,20.23000000,3.99000000,sell,2022-05-14 04:41:50.844932+00:00
2022-05-14T04:41:50.844932Z,1073077,20.23000000,2.12100000,sell,2022-05-14 04:41:50.844932+00:00
2022-05-14T04:35:39.109549Z,1073076,20.28000000,1.33000000,buy,2022-05-14 04:35:39.109549+00:00
2022-05-14T04:34:41.322211Z,1073075,20.33000000,0.44300000,sell,2022-05-14 04:34:41.322211+00:00
2022-05-14T04:34:23.668448Z,1073074,20.35000000,0.74500000,buy,2022-05-14 04:34:23.668448+00:00
2022-05-14T04:33:02.172825Z,1073073,20.42000000,1.49000000,sell,2022-05-14 04:33:02.172825+00:00
2022-05-14T04:32:37.192594Z,1073072,20.44000000,0.03000000,buy,2022-05-14 04:32:37.192594+00:00
2022-05-14T04:32:26.936818Z,1073071,20.43000000,1.01000000,buy,2022-05-14 04:32:26.936818+00:00
2022-05-14T04:32:26.936818Z,1073070,20.44000000,3.99000000,buy,2022-05-14 04:32:26.936818+00:00
2022-05-14T04:31:02.046055Z,1073069,20.45000000,1.49000000,buy,2022-05-14 04:31:02.046055+00:00
2022-05-14T04:30:59.687699Z,1073068,20.52000000,8.46000000,buy,2022-05-14 04:30:59.687699+00:00
2022-05-14T04:30:53.596749Z,1073067,20.55000000,5.00000000,buy,2022-05-14 04:30:53.596749+00:00
2022-05-14T04:30:48.132853Z,1073066,20.58000000,2.54100000,buy,2022-05-14 04:30:48.132853+00:00
2022-05-14T04:29:52.799585Z,1073065,20.60000000,0.03100000,buy,2022-05-14 04:29:52.799585+00:00
2022-05-14T04:28:21.588723Z,1073064,20.64000000,3.99000000,buy,2022-05-14 04:28:21.588723+00:00
2022-05-14T04:27:06.07061Z,1073063,20.70000000,2.86600000,buy,2022-05-14 04:27:06.070610+00:00
2022-05-14T04:27:05.603811Z,1073062,20.69000000,3.99000000,buy,2022-05-14 04:27:05.603811+00:00
2022-05-14T04:25:25.128803Z,1073061,20.79000000,1.63800000,sell,2022-05-14 04:25:25.128803+00:00
2022-05-14T04:23:48.155189Z,1073060,20.75000000,3.99000000,buy,2022-05-14 04:23:48.155189+00:00
2022-05-14T04:20:49.593323Z,1073059,20.83000000,13.33700000,sell,2022-05-14 04:20:49.593323+00:00
2022-05-14T04:20:49.593323Z,1073058,20.81000000,1.49000000,sell,2022-05-14 04:20:49.593323+00:00
2022-05-14T04:20:49.593323Z,1073057,20.81000000,24.05200000,sell,2022-05-14 04:20:49.593323+00:00
2022-05-14T04:20:49.593323Z,1073056,20.80000000,2.66000000,sell,2022-05-14 04:20:49.593323+00:00
2022-05-14T04:18:01.598736Z,1073055,20.77000000,2.86600000,sell,2022-05-14 04:18:01.598736+00:00
2022-05-14T04:16:37.494621Z,1073054,20.68000000,1.49000000,buy,2022-05-14 04:16:37.494621+00:00
2022-05-14T04:16:33.975966Z,1073053,20.74000000,17.46100000,buy,2022-05-14 04:16:33.975966+00:00
2022-05-14T04:16:33.949289Z,1073052,20.74000000,1.49000000,buy,2022-05-14 04:16:33.949289+00:00
2022-05-14T04:16:33.949289Z,1073051,20.74000000,1.27400000,buy,2022-05-14 04:16:33.949289+00:00
2022-05-14T04:16:33.932435Z,1073050,20.74000000,1.49000000,buy,2022-05-14 04:16:33.932435+00:00
2022-05-14T04:16:33.915792Z,1073049,20.76000000,1.49000000,buy,2022-05-14 04:16:33.915792+00:00
2022-05-14T04:06:13.338526Z,1073048,20.87000000,0.11100000,buy,2022-05-14 04:06:13.338526+00:00
2022-05-14T04:02:51.310318Z,1073047,20.86000000,2.86600000,buy,2022-05-14 04:02:51.310318+00:00
2022-05-14T03:57:26.731614Z,1073046,20.96000000,0.23700000,sell,2022-05-14 03:57:26.731614+00:00
2022-05-14T03:49:41.081402Z,1073045,21.06000000,1.46900000,buy,2022-05-14 03:49:41.081402+00:00
2022-05-14T03:43:19.498427Z,1073044,21.06000000,12.48200000,sell,2022-05-14 03:43:19.498427+00:00
2022-05-14T03:43:19.498427Z,1073043,21.05000000,3.99000000,sell,2022-05-14 03:43:19.498427+00:00
2022-05-14T03:43:19.498427Z,1073042,21.04000000,2.86600000,sell,2022-05-14 03:43:19.498427+00:00
2022-05-14T03:42:09.258788Z,1073041,21.04000000,17.19900000,buy,2022-05-14 03:42:09.258788+00:00
2022-05-14T03:39:51.7972Z,1073040,21.00000000,1.90000000,buy,2022-05-14 03:39:51.797200+00:00
2022-05-14T03:34:08.461234Z,1073039,21.08000000,3.99000000,buy,2022-05-14 03:34:08.461234+00:00
2022-05-14T03:31:51.704953Z,1073038,21.11000000,0.47200000,buy,2022-05-14 03:31:51.704953+00:00
2022-05-14T03:25:35.554694Z,1073037,21.18000000,1.72800000,buy,2022-05-14 03:25:35.554694+00:00
2022-05-14T03:20:32.325277Z,1073036,21.28000000,0.01000000,buy,2022-05-14 03:20:32.325277+00:00
2022-05-14T03:19:28.809738Z,1073035,21.20000000,0.03000000,buy,2022-05-14 03:19:28.809738+00:00
2022-05-14T03:19:12.910035Z,1073034,21.20000000,0.01500000,buy,2022-05-14 03:19:12.910035+00:00
2022-05-14T03:18:33.422719Z,1073033,21.26000000,1.00000000,buy,2022-05-14 03:18:33.422719+00:00
2022-05-14T03:15:54.970132Z,1073032,21.41000000,0.02900000,buy,2022-05-14 03:15:54.970132+00:00
2022-05-14T03:05:22.047045Z,1073031,21.52000000,1.76600000,buy,2022-05-14 03:05:22.047045+00:00
2022-05-14T03:00:52.268788Z,1073030,21.45000000,2.20000000,buy,2022-05-14 03:00:52.268788+00:00
2022-05-14T02:59:10.019955Z,1073029,21.48000000,3.38900000,sell,2022-05-14 02:59:10.019955+00:00
2022-05-14T02:59:10.019955Z,1073028,21.48000000,2.07000000,sell,2022-05-14 02:59:10.019955+00:00
2022-05-14T02:54:52.957681Z,1073027,21.59000000,0.41400000,sell,2022-05-14 02:54:52.957681+00:00
2022-05-14T02:53:05.898089Z,1073026,21.61000000,26.83300000,sell,2022-05-14 02:53:05.898089+00:00
2022-05-14T02:52:59.263995Z,1073025,21.57000000,1.82100000,buy,2022-05-14 02:52:59.263995+00:00
2022-05-14T02:52:59.263995Z,1073024,21.57000000,1.87700000,buy,2022-05-14 02:52:59.263995+00:00
2022-05-14T02:52:59.263995Z,1073023,21.57000000,1.98900000,buy,2022-05-14 02:52:59.263995+00:00
2022-05-14T02:52:59.263995Z,1073022,21.57000000,0.93800000,buy,2022-05-14 02:52:59.263995+00:00
2022-05-14T02:52:59.263995Z,1073021,21.57000000,0.99600000,buy,2022-05-14 02:52:59.263995+00:00
2022-05-14T02:52:59.263995Z,1073020,21.57000000,0.92900000,buy,2022-05-14 02:52:59.263995+00:00
2022-05-14T02:52:59.130441Z,1073019,21.57000000,1.14700000,sell,2022-05-14 02:52:59.130441+00:00
2022-05-14T02:52:59.024155Z,1073018,21.57000000,43.26600000,sell,2022-05-14 02:52:59.024155+00:00
2022-05-14T02:52:58.985075Z,1073017,21.57000000,2.20000000,sell,2022-05-14 02:52:58.985075+00:00
2022-05-14T02:52:58.96502Z,1073016,21.54000000,23.23700000,sell,2022-05-14 02:52:58.965020+00:00
2022-05-14T02:52:58.925791Z,1073015,21.53000000,20.66100000,sell,2022-05-14 02:52:58.925791+00:00
2022-05-14T02:52:58.925791Z,1073014,21.53000000,2.84400000,sell,2022-05-14 02:52:58.925791+00:00
2022-05-14T02:52:58.925791Z,1073013,21.51000000,0.64400000,sell,2022-05-14 02:52:58.925791+00:00
2022-05-14T02:52:58.910854Z,1073012,21.51000000,2.20000000,sell,2022-05-14 02:52:58.910854+00:00
2022-05-14T02:50:34.340919Z,1073011,21.42000000,0.01100000,buy,2022-05-14 02:50:34.340919+00:00
2022-05-14T02:46:51.727135Z,1073010,21.45000000,0.04500000,sell,2022-05-14 02:46:51.727135+00:00
2022-05-14T02:43:00.92371Z,1073009,21.59000000,2.02800000,buy,2022-05-14 02:43:00.923710+00:00
2022-05-14T02:29:54.293623Z,1073008,21.47000000,0.01200000,buy,2022-05-14 02:29:54.293623+00:00
2022-05-14T02:26:59.354801Z,1073007,21.52000000,1.85100000,buy,2022-05-14 02:26:59.354801+00:00
2022-05-14T02:24:09.125234Z,1073006,21.53000000,4.82500000,sell,2022-05-14 02:24:09.125234+00:00
2022-05-14T02:24:09.125234Z,1073005,21.52000000,0.95000000,sell,2022-05-14 02:24:09.125234+00:00
2022-05-14T02:24:09.125234Z,1073004,21.52000000,1.85300000,sell,2022-05-14 02:24:09.125234+00:00
2022-05-14T02:17:37.257195Z,1073003,21.42000000,1.61100000,buy,2022-05-14 02:17:37.257195+00:00
2022-05-14T02:17:37.245096Z,1073002,21.42000000,2.09500000,buy,2022-05-14 02:17:37.245096+00:00
2022-05-14T02:16:36.770225Z,1073001,21.24000000,2.86600000,sell,2022-05-14 02:16:36.770225+00:00
2022-05-14T02:16:36.045332Z,1073000,21.22000000,2.86600000,sell,2022-05-14 02:16:36.045332+00:00
2022-05-14T02:16:34.563121Z,1072999,21.21000000,0.01000000,buy,2022-05-14 02:16:34.563121+00:00
2022-05-14T02:16:29.847229Z,1072998,21.21000000,0.01000000,buy,2022-05-14 02:16:29.847229+00:00
2022-05-14T02:15:59.627657Z,1072997,21.22000000,2.21100000,buy,2022-05-14 02:15:59.627657+00:00
2022-05-14T02:15:59.08504Z,1072996,21.22000000,0.02000000,buy,2022-05-14 02:15:59.085040+00:00
2022-05-14T02:15:55.838151Z,1072995,21.22000000,0.03000000,buy,2022-05-14 02:15:55.838151+00:00
2022-05-14T02:15:37.669445Z,1072994,21.30000000,0.02000000,buy,2022-05-14 02:15:37.669445+00:00
2022-05-14T02:11:27.81355Z,1072993,21.45000000,0.01000000,buy,2022-05-14 02:11:27.813550+00:00
2022-05-14T02:11:19.9822Z,1072992,21.44000000,0.01000000,buy,2022-05-14 02:11:19.982200+00:00
2022-05-14T02:08:14.591728Z,1072991,21.51000000,0.03000000,buy,2022-05-14 02:08:14.591728+00:00
2022-05-14T02:06:45.267566Z,1072990,21.42000000,0.01000000,buy,2022-05-14 02:06:45.267566+00:00
2022-05-14T02:06:41.706403Z,1072989,21.42000000,0.02000000,buy,2022-05-14 02:06:41.706403+00:00
2022-05-14T01:57:27.817153Z,1072988,21.62000000,0.88400000,buy,2022-05-14 01:57:27.817153+00:00
2022-05-14T01:49:49.986247Z,1072987,21.90000000,0.02500000,sell,2022-05-14 01:49:49.986247+00:00
2022-05-14T01:46:20.03975Z,1072986,22.00000000,1.90000000,sell,2022-05-14 01:46:20.039750+00:00
2022-05-14T01:42:43.045212Z,1072985,21.99000000,2.86600000,buy,2022-05-14 01:42:43.045212+00:00
2022-05-14T01:38:43.021534Z,1072984,21.99000000,2.86600000,sell,2022-05-14 01:38:43.021534+00:00
2022-05-14T01:38:24.440086Z,1072983,21.95000000,2.86700000,buy,2022-05-14 01:38:24.440086+00:00
2022-05-14T01:37:15.315661Z,1072982,21.96000000,2.86600000,buy,2022-05-14 01:37:15.315661+00:00
2022-05-14T01:35:39.103818Z,1072981,21.87000000,2.35800000,sell,2022-05-14 01:35:39.103818+00:00
2022-05-14T01:35:34.048982Z,1072980,21.85000000,11.52300000,buy,2022-05-14 01:35:34.048982+00:00
2022-05-14T01:35:34.048982Z,1072979,21.86000000,2.35800000,buy,2022-05-14 01:35:34.048982+00:00
2022-05-14T01:35:03.715625Z,1072978,21.88000000,1.48400000,sell,2022-05-14 01:35:03.715625+00:00
2022-05-14T01:35:03.715625Z,1072977,21.87000000,3.37300000,sell,2022-05-14 01:35:03.715625+00:00
2022-05-14T01:35:03.715625Z,1072976,21.87000000,0.76000000,sell,2022-05-14 01:35:03.715625+00:00
2022-05-14T01:35:03.715625Z,1072975,21.86000000,2.26400000,sell,2022-05-14 01:35:03.715625+00:00
2022-05-14T01:34:35.704942Z,1072974,21.84000000,0.02700000,buy,2022-05-14 01:34:35.704942+00:00
2022-05-14T01:34:29.28867Z,1072973,21.82000000,1.74700000,sell,2022-05-14 01:34:29.288670+00:00
2022-05-14T01:33:48.637213Z,1072972,21.89000000,1.72100000,buy,2022-05-14 01:33:48.637213+00:00
2022-05-14T01:32:55.43522Z,1072971,21.87000000,2.28900000,sell,2022-05-14 01:32:55.435220+00:00
2022-05-14T01:32:47.819143Z,1072970,21.92000000,0.48800000,buy,2022-05-14 01:32:47.819143+00:00
2022-05-14T01:32:47.819143Z,1072969,21.93000000,1.71200000,buy,2022-05-14 01:32:47.819143+00:00
2022-05-14T01:31:20.015682Z,1072968,21.88000000,2.86600000,sell,2022-05-14 01:31:20.015682+00:00
2022-05-14T01:31:07.867372Z,1072967,21.83000000,0.03000000,buy,2022-05-14 01:31:07.867372+00:00
2022-05-14T01:30:42.567928Z,1072966,21.80000000,0.01000000,buy,2022-05-14 01:30:42.567928+00:00
2022-05-14T01:30:04.203069Z,1072965,21.79000000,0.02000000,buy,2022-05-14 01:30:04.203069+00:00
2022-05-14T01:30:00.951831Z,1072964,21.79000000,0.02000000,buy,2022-05-14 01:30:00.951831+00:00
2022-05-14T01:29:57.741001Z,1072963,21.79000000,0.01000000,buy,2022-05-14 01:29:57.741001+00:00
2022-05-14T01:29:55.070399Z,1072962,21.80000000,0.03000000,buy,2022-05-14 01:29:55.070399+00:00
