time,trade_id,price,size,side,date
2022-05-15T21:12:22.027293Z,12541205,0.17900000,300.00000000,sell,2022-05-15 21:12:22.027293+00:00
2022-05-15T21:12:22.027293Z,12541204,0.17900000,3.50000000,sell,2022-05-15 21:12:22.027293+00:00
2022-05-15T21:12:21.999983Z,12541203,0.17880000,300.00000000,sell,2022-05-15 21:12:21.999983+00:00
2022-05-15T21:12:16.885511Z,12541202,0.17840000,1816.20000000,buy,2022-05-15 21:12:16.885511+00:00
2022-05-15T21:12:16.885511Z,12541201,0.17850000,316.10000000,buy,2022-05-15 21:12:16.885511+00:00
2022-05-15T21:11:49.977107Z,12541200,0.17860000,6.00000000,buy,2022-05-15 21:11:49.977107+00:00
2022-05-15T21:11:47.446132Z,12541199,0.17860000,304.50000000,buy,2022-05-15 21:11:47.446132+00:00
2022-05-15T21:11:17.417536Z,12541198,0.17840000,316.10000000,buy,2022-05-15 21:11:17.417536+00:00
2022-05-15T21:11:17.404811Z,12541197,0.17840000,3160.60000000,buy,2022-05-15 21:11:17.404811+00:00
2022-05-15T21:11:17.332357Z,12541196,0.17840000,316.10000000,buy,2022-05-15 21:11:17.332357+00:00
2022-05-15T21:11:17.328256Z,12541195,0.17840000,83.90000000,buy,2022-05-15 21:11:17.328256+00:00
2022-05-15T21:11:17.113215Z,12541194,0.17850000,316.10000000,buy,2022-05-15 21:11:17.113215+00:00
2022-05-15T21:11:17.057681Z,12541193,0.17840000,400.00000000,buy,2022-05-15 21:11:17.057681+00:00
2022-05-15T21:11:17.04174Z,12541192,0.17850000,316.10000000,buy,2022-05-15 21:11:17.041740+00:00
2022-05-15T21:11:16.845671Z,12541191,0.17850000,2218.40000000,buy,2022-05-15 21:11:16.845671+00:00
2022-05-15T21:11:16.845671Z,12541190,0.17860000,316.10000000,buy,2022-05-15 21:11:16.845671+00:00
2022-05-15T21:11:11.047131Z,12541189,0.17890000,1.10000000,sell,2022-05-15 21:11:11.047131+00:00
2022-05-15T21:11:06.642655Z,12541188,0.17880000,1440.00000000,sell,2022-05-15 21:11:06.642655+00:00
2022-05-15T21:11:05.437978Z,12541187,0.17890000,1128.50000000,buy,2022-05-15 21:11:05.437978+00:00
2022-05-15T21:10:59.529764Z,12541186,0.17890000,400.00000000,sell,2022-05-15 21:10:59.529764+00:00
2022-05-15T21:10:59.529764Z,12541185,0.17890000,1328.30000000,sell,2022-05-15 21:10:59.529764+00:00
2022-05-15T21:10:59.33766Z,12541184,0.17860000,8.60000000,buy,2022-05-15 21:10:59.337660+00:00
2022-05-15T21:10:52.588518Z,12541183,0.17890000,111.70000000,sell,2022-05-15 21:10:52.588518+00:00
2022-05-15T21:10:52.388831Z,12541182,0.17880000,8.00000000,buy,2022-05-15 21:10:52.388831+00:00
2022-05-15T21:10:23.130496Z,12541181,0.17890000,1440.00000000,sell,2022-05-15 21:10:23.130496+00:00
2022-05-15T21:10:20.754493Z,12541180,0.17880000,70.40000000,buy,2022-05-15 21:10:20.754493+00:00
2022-05-15T21:10:03.614146Z,12541179,0.17880000,2.10000000,buy,2022-05-15 21:10:03.614146+00:00
2022-05-15T21:09:20.626209Z,12541178,0.17870000,1440.00000000,sell,2022-05-15 21:09:20.626209+00:00
2022-05-15T21:09:19.964943Z,12541177,0.17860000,3.00000000,buy,2022-05-15 21:09:19.964943+00:00
2022-05-15T21:09:19.944064Z,12541176,0.17870000,316.10000000,buy,2022-05-15 21:09:19.944064+00:00
2022-05-15T21:09:19.936609Z,12541175,0.17870000,3.00000000,buy,2022-05-15 21:09:19.936609+00:00
2022-05-15T21:09:19.92924Z,12541174,0.17870000,400.00000000,buy,2022-05-15 21:09:19.929240+00:00
2022-05-15T21:09:19.909936Z,12541173,0.17890000,316.10000000,buy,2022-05-15 21:09:19.909936+00:00
2022-05-15T21:09:19.325133Z,12541172,0.17910000,316.10000000,buy,2022-05-15 21:09:19.325133+00:00
2022-05-15T21:09:16.281229Z,12541171,0.17930000,5.40000000,sell,2022-05-15 21:09:16.281229+00:00
2022-05-15T21:09:14.118213Z,12541170,0.17930000,316.10000000,buy,2022-05-15 21:09:14.118213+00:00
2022-05-15T21:09:12.566451Z,12541169,0.17940000,316.10000000,buy,2022-05-15 21:09:12.566451+00:00
2022-05-15T21:09:12.566451Z,12541168,0.17940000,10.00000000,buy,2022-05-15 21:09:12.566451+00:00
2022-05-15T21:09:12.111813Z,12541167,0.17960000,1440.00000000,sell,2022-05-15 21:09:12.111813+00:00
2022-05-15T21:09:12.111813Z,12541166,0.17950000,316.10000000,sell,2022-05-15 21:09:12.111813+00:00
2022-05-15T21:09:12.098264Z,12541165,0.17950000,16.10000000,buy,2022-05-15 21:09:12.098264+00:00
2022-05-15T21:09:12.094496Z,12541164,0.17950000,300.00000000,buy,2022-05-15 21:09:12.094496+00:00
2022-05-15T21:09:12.094496Z,12541163,0.17950000,2748.60000000,buy,2022-05-15 21:09:12.094496+00:00
2022-05-15T21:09:12.078679Z,12541162,0.17950000,300.00000000,buy,2022-05-15 21:09:12.078679+00:00
2022-05-15T21:09:12.04797Z,12541161,0.17970000,316.10000000,buy,2022-05-15 21:09:12.047970+00:00
2022-05-15T21:09:12.040048Z,12541160,0.17970000,2860.60000000,buy,2022-05-15 21:09:12.040048+00:00
2022-05-15T21:09:12.032338Z,12541159,0.17970000,300.00000000,buy,2022-05-15 21:09:12.032338+00:00
2022-05-15T21:09:12.032338Z,12541158,0.17970000,7147.40000000,buy,2022-05-15 21:09:12.032338+00:00
2022-05-15T21:09:12.028422Z,12541157,0.17990000,316.10000000,buy,2022-05-15 21:09:12.028422+00:00
2022-05-15T21:09:11.236257Z,12541156,0.18010000,6.40000000,buy,2022-05-15 21:09:11.236257+00:00
2022-05-15T21:09:02.849113Z,12541155,0.18000000,1440.00000000,sell,2022-05-15 21:09:02.849113+00:00
2022-05-15T21:08:59.386821Z,12541154,0.17980000,316.10000000,buy,2022-05-15 21:08:59.386821+00:00
2022-05-15T21:08:58.526332Z,12541153,0.17980000,316.10000000,buy,2022-05-15 21:08:58.526332+00:00
2022-05-15T21:08:58.258893Z,12541152,0.17980000,316.10000000,buy,2022-05-15 21:08:58.258893+00:00
2022-05-15T21:08:57.988329Z,12541151,0.17980000,2844.50000000,buy,2022-05-15 21:08:57.988329+00:00
2022-05-15T21:08:57.988329Z,12541150,0.17990000,316.10000000,buy,2022-05-15 21:08:57.988329+00:00
2022-05-15T21:08:57.747873Z,12541149,0.18000000,316.10000000,buy,2022-05-15 21:08:57.747873+00:00
2022-05-15T21:08:57.710795Z,12541148,0.17990000,378.40000000,buy,2022-05-15 21:08:57.710795+00:00
2022-05-15T21:08:57.710795Z,12541147,0.17990000,693.40000000,buy,2022-05-15 21:08:57.710795+00:00
2022-05-15T21:08:57.682316Z,12541146,0.17990000,2467.20000000,buy,2022-05-15 21:08:57.682316+00:00
2022-05-15T21:08:57.682316Z,12541145,0.18000000,378.40000000,buy,2022-05-15 21:08:57.682316+00:00
2022-05-15T21:08:57.682316Z,12541144,0.18010000,315.00000000,buy,2022-05-15 21:08:57.682316+00:00
2022-05-15T21:08:42.579001Z,12541143,0.18010000,1.10000000,buy,2022-05-15 21:08:42.579001+00:00
2022-05-15T21:08:36.358773Z,12541142,0.18010000,1440.00000000,sell,2022-05-15 21:08:36.358773+00:00
2022-05-15T21:08:32.663448Z,12541141,0.18010000,4.00000000,buy,2022-05-15 21:08:32.663448+00:00
2022-05-15T21:08:31.133589Z,12541140,0.18070000,10.90000000,sell,2022-05-15 21:08:31.133589+00:00
2022-05-15T21:08:28.216166Z,12541139,0.18030000,1440.00000000,sell,2022-05-15 21:08:28.216166+00:00
2022-05-15T21:08:28.173842Z,12541138,0.18010000,1440.00000000,sell,2022-05-15 21:08:28.173842+00:00
2022-05-15T21:08:27.998844Z,12541137,0.18010000,1440.00000000,sell,2022-05-15 21:08:27.998844+00:00
2022-05-15T21:08:19.796358Z,12541136,0.17970000,3.30000000,buy,2022-05-15 21:08:19.796358+00:00
2022-05-15T21:08:19.22776Z,12541135,0.17970000,7.90000000,buy,2022-05-15 21:08:19.227760+00:00
2022-05-15T21:08:17.286977Z,12541134,0.17970000,2844.10000000,buy,2022-05-15 21:08:17.286977+00:00
2022-05-15T21:08:17.221371Z,12541133,0.17970000,316.50000000,buy,2022-05-15 21:08:17.221371+00:00
2022-05-15T21:08:16.960569Z,12541132,0.17980000,316.10000000,buy,2022-05-15 21:08:16.960569+00:00
2022-05-15T21:08:16.871914Z,12541131,0.17970000,5.20000000,buy,2022-05-15 21:08:16.871914+00:00
2022-05-15T21:08:16.714737Z,12541130,0.17990000,316.10000000,buy,2022-05-15 21:08:16.714737+00:00
2022-05-15T21:08:04.418748Z,12541129,0.18050000,3160.60000000,buy,2022-05-15 21:08:04.418748+00:00
2022-05-15T21:08:04.414811Z,12541128,0.18060000,316.10000000,buy,2022-05-15 21:08:04.414811+00:00
2022-05-15T21:07:41.646148Z,12541127,0.18110000,1.40000000,sell,2022-05-15 21:07:41.646148+00:00
2022-05-15T21:07:37.007837Z,12541126,0.18050000,9.50000000,buy,2022-05-15 21:07:37.007837+00:00
2022-05-15T21:07:26.1801Z,12541125,0.18070000,6.70000000,buy,2022-05-15 21:07:26.180100+00:00
2022-05-15T21:06:59.177419Z,12541124,0.18070000,5.60000000,buy,2022-05-15 21:06:59.177419+00:00
2022-05-15T21:06:57.514563Z,12541123,0.18070000,8.40000000,buy,2022-05-15 21:06:57.514563+00:00
2022-05-15T21:06:53.273456Z,12541122,0.18070000,6.30000000,buy,2022-05-15 21:06:53.273456+00:00
2022-05-15T21:06:41.660816Z,12541121,0.18140000,932.40000000,sell,2022-05-15 21:06:41.660816+00:00
2022-05-15T21:06:41.608721Z,12541120,0.18140000,120.50000000,sell,2022-05-15 21:06:41.608721+00:00
2022-05-15T21:06:41.584364Z,12541119,0.18140000,2296.50000000,sell,2022-05-15 21:06:41.584364+00:00
2022-05-15T21:06:41.330736Z,12541118,0.18140000,3.70000000,sell,2022-05-15 21:06:41.330736+00:00
2022-05-15T21:06:41.318668Z,12541117,0.18140000,1711.50000000,sell,2022-05-15 21:06:41.318668+00:00
2022-05-15T21:06:41.301382Z,12541116,0.18140000,28.30000000,sell,2022-05-15 21:06:41.301382+00:00
2022-05-15T21:06:41.258492Z,12541115,0.18140000,1204.40000000,sell,2022-05-15 21:06:41.258492+00:00
2022-05-15T21:06:37.526555Z,12541114,0.18130000,263.60000000,sell,2022-05-15 21:06:37.526555+00:00
2022-05-15T21:06:37.460291Z,12541113,0.18130000,49.50000000,sell,2022-05-15 21:06:37.460291+00:00
2022-05-15T21:06:20.104668Z,12541112,0.18080000,257.00000000,buy,2022-05-15 21:06:20.104668+00:00
2022-05-15T21:06:18.170729Z,12541111,0.18100000,4.00000000,sell,2022-05-15 21:06:18.170729+00:00
2022-05-15T21:06:16.197249Z,12541110,0.18060000,5.90000000,buy,2022-05-15 21:06:16.197249+00:00
2022-05-15T21:06:06.678207Z,12541109,0.18050000,27.20000000,buy,2022-05-15 21:06:06.678207+00:00
2022-05-15T21:05:33.967877Z,12541108,0.18110000,1384.10000000,sell,2022-05-15 21:05:33.967877+00:00
2022-05-15T21:05:33.967877Z,12541107,0.18110000,400.00000000,sell,2022-05-15 21:05:33.967877+00:00
2022-05-15T21:05:33.967877Z,12541106,0.18110000,378.40000000,sell,2022-05-15 21:05:33.967877+00:00
2022-05-15T21:05:33.967877Z,12541105,0.18100000,10.60000000,sell,2022-05-15 21:05:33.967877+00:00
2022-05-15T21:05:33.967877Z,12541104,0.18100000,1440.00000000,sell,2022-05-15 21:05:33.967877+00:00
2022-05-15T21:05:28.482663Z,12541103,0.18060000,5.50000000,buy,2022-05-15 21:05:28.482663+00:00
2022-05-15T21:04:48.756265Z,12541102,0.18060000,5.90000000,buy,2022-05-15 21:04:48.756265+00:00
2022-05-15T21:04:45.329504Z,12541101,0.18060000,55.30000000,buy,2022-05-15 21:04:45.329504+00:00
2022-05-15T21:04:24.925153Z,12541100,0.18100000,6.20000000,sell,2022-05-15 21:04:24.925153+00:00
2022-05-15T21:04:20.903914Z,12541099,0.18040000,5.30000000,buy,2022-05-15 21:04:20.903914+00:00
2022-05-15T21:04:10.122286Z,12541098,0.18040000,6.40000000,buy,2022-05-15 21:04:10.122286+00:00
2022-05-15T21:03:46.854878Z,12541097,0.18090000,11989.50000000,buy,2022-05-15 21:03:46.854878+00:00
2022-05-15T21:03:46.840648Z,12541096,0.18090000,5038.70000000,buy,2022-05-15 21:03:46.840648+00:00
2022-05-15T21:03:46.840517Z,12541095,0.18090000,3041.20000000,buy,2022-05-15 21:03:46.840517+00:00
2022-05-15T21:03:46.825628Z,12541094,0.18090000,1429.00000000,sell,2022-05-15 21:03:46.825628+00:00
2022-05-15T21:03:41.314529Z,12541093,0.18090000,11.00000000,sell,2022-05-15 21:03:41.314529+00:00
2022-05-15T21:03:20.876854Z,12541092,0.18090000,1440.00000000,sell,2022-05-15 21:03:20.876854+00:00
2022-05-15T21:03:13.202303Z,12541091,0.18070000,5.40000000,buy,2022-05-15 21:03:13.202303+00:00
2022-05-15T21:02:57.867783Z,12541090,0.18070000,316.10000000,buy,2022-05-15 21:02:57.867783+00:00
2022-05-15T21:02:57.786863Z,12541089,0.18080000,316.10000000,buy,2022-05-15 21:02:57.786863+00:00
2022-05-15T21:02:39.892454Z,12541088,0.18140000,18009.40000000,sell,2022-05-15 21:02:39.892454+00:00
2022-05-15T21:02:39.892454Z,12541087,0.18130000,3791.50000000,sell,2022-05-15 21:02:39.892454+00:00
2022-05-15T21:02:39.892454Z,12541086,0.18130000,378.40000000,sell,2022-05-15 21:02:39.892454+00:00
2022-05-15T21:02:39.716947Z,12541085,0.18090000,378.40000000,sell,2022-05-15 21:02:39.716947+00:00
2022-05-15T21:02:39.716947Z,12541084,0.18090000,7.00000000,sell,2022-05-15 21:02:39.716947+00:00
2022-05-15T21:02:35.273729Z,12541083,0.18020000,5.00000000,buy,2022-05-15 21:02:35.273729+00:00
2022-05-15T21:02:30.127246Z,12541082,0.17980000,5.80000000,buy,2022-05-15 21:02:30.127246+00:00
2022-05-15T21:02:25.328971Z,12541081,0.17970000,3.80000000,buy,2022-05-15 21:02:25.328971+00:00
2022-05-15T21:02:22.968615Z,12541080,0.17990000,1034.10000000,sell,2022-05-15 21:02:22.968615+00:00
2022-05-15T21:02:03.006852Z,12541079,0.17950000,4.20000000,buy,2022-05-15 21:02:03.006852+00:00
2022-05-15T21:01:57.64079Z,12541078,0.17970000,316.10000000,buy,2022-05-15 21:01:57.640790+00:00
2022-05-15T21:01:57.553641Z,12541077,0.17980000,316.10000000,buy,2022-05-15 21:01:57.553641+00:00
2022-05-15T21:01:57.519966Z,12541076,0.17990000,378.40000000,buy,2022-05-15 21:01:57.519966+00:00
2022-05-15T21:01:57.320212Z,12541075,0.17990000,316.10000000,buy,2022-05-15 21:01:57.320212+00:00
2022-05-15T21:01:57.304342Z,12541074,0.18000000,378.40000000,buy,2022-05-15 21:01:57.304342+00:00
2022-05-15T21:01:51.536024Z,12541073,0.17980000,7.10000000,buy,2022-05-15 21:01:51.536024+00:00
2022-05-15T21:01:49.989126Z,12541072,0.17980000,316.10000000,buy,2022-05-15 21:01:49.989126+00:00
2022-05-15T21:01:49.973997Z,12541071,0.17980000,378.40000000,buy,2022-05-15 21:01:49.973997+00:00
2022-05-15T21:01:49.973997Z,12541070,0.17980000,1440.00000000,buy,2022-05-15 21:01:49.973997+00:00
2022-05-15T21:01:49.907162Z,12541069,0.18000000,57394.80000000,sell,2022-05-15 21:01:49.907162+00:00
2022-05-15T21:01:49.906816Z,12541068,0.18000000,874.80000000,sell,2022-05-15 21:01:49.906816+00:00
2022-05-15T21:01:49.90323Z,12541067,0.18000000,5475.10000000,sell,2022-05-15 21:01:49.903230+00:00
2022-05-15T21:01:49.899438Z,12541066,0.18000000,5760.00000000,sell,2022-05-15 21:01:49.899438+00:00
2022-05-15T21:01:49.895334Z,12541065,0.18000000,5760.00000000,sell,2022-05-15 21:01:49.895334+00:00
2022-05-15T21:01:49.883949Z,12541064,0.17990000,3.50000000,sell,2022-05-15 21:01:49.883949+00:00
2022-05-15T21:01:49.872346Z,12541063,0.17970000,1034.10000000,sell,2022-05-15 21:01:49.872346+00:00
2022-05-15T21:01:43.261772Z,12541062,0.17970000,325.40000000,sell,2022-05-15 21:01:43.261772+00:00
2022-05-15T21:01:34.20011Z,12541061,0.17970000,5.80000000,sell,2022-05-15 21:01:34.200110+00:00
2022-05-15T21:01:30.272017Z,12541060,0.17970000,74.70000000,sell,2022-05-15 21:01:30.272017+00:00
2022-05-15T21:01:13.439312Z,12541059,0.17920000,853.50000000,buy,2022-05-15 21:01:13.439312+00:00
2022-05-15T21:01:13.439312Z,12541058,0.17930000,400.00000000,buy,2022-05-15 21:01:13.439312+00:00
2022-05-15T21:01:13.439312Z,12541057,0.17930000,3052.00000000,buy,2022-05-15 21:01:13.439312+00:00
2022-05-15T21:01:13.439312Z,12541056,0.17930000,378.40000000,buy,2022-05-15 21:01:13.439312+00:00
2022-05-15T21:01:13.439312Z,12541055,0.17930000,316.10000000,buy,2022-05-15 21:01:13.439312+00:00
2022-05-15T21:00:50.166185Z,12541054,0.17940000,5.40000000,buy,2022-05-15 21:00:50.166185+00:00
2022-05-15T21:00:34.359366Z,12541053,0.17970000,652.90000000,sell,2022-05-15 21:00:34.359366+00:00
2022-05-15T21:00:12.323929Z,12541052,0.17920000,4.00000000,buy,2022-05-15 21:00:12.323929+00:00
2022-05-15T20:59:52.914053Z,12541051,0.17910000,5.50000000,buy,2022-05-15 20:59:52.914053+00:00
2022-05-15T20:59:51.395106Z,12541050,0.17950000,1424.80000000,buy,2022-05-15 20:59:51.395106+00:00
2022-05-15T20:59:44.476554Z,12541049,0.17950000,7.90000000,buy,2022-05-15 20:59:44.476554+00:00
2022-05-15T20:59:39.573383Z,12541048,0.17990000,130.00000000,sell,2022-05-15 20:59:39.573383+00:00
2022-05-15T20:59:05.902391Z,12541047,0.17950000,3.80000000,buy,2022-05-15 20:59:05.902391+00:00
2022-05-15T20:59:04.597494Z,12541046,0.17950000,3.50000000,buy,2022-05-15 20:59:04.597494+00:00
2022-05-15T20:58:30.017741Z,12541045,0.18040000,11.00000000,sell,2022-05-15 20:58:30.017741+00:00
2022-05-15T20:58:23.406178Z,12541044,0.17990000,1.10000000,buy,2022-05-15 20:58:23.406178+00:00
2022-05-15T20:58:18.831464Z,12541043,0.17990000,6.50000000,buy,2022-05-15 20:58:18.831464+00:00
2022-05-15T20:58:03.586616Z,12541042,0.17990000,5.00000000,buy,2022-05-15 20:58:03.586616+00:00
2022-05-15T20:57:56.742759Z,12541041,0.17990000,3.60000000,buy,2022-05-15 20:57:56.742759+00:00
2022-05-15T20:57:46.933381Z,12541040,0.18040000,462.80000000,sell,2022-05-15 20:57:46.933381+00:00
2022-05-15T20:57:46.933381Z,12541039,0.18020000,1.20000000,sell,2022-05-15 20:57:46.933381+00:00
2022-05-15T20:57:46.933381Z,12541038,0.18020000,1440.00000000,sell,2022-05-15 20:57:46.933381+00:00
2022-05-15T20:57:23.829624Z,12541037,0.17980000,3.90000000,buy,2022-05-15 20:57:23.829624+00:00
2022-05-15T20:57:10.742295Z,12541036,0.18000000,2500.00000000,buy,2022-05-15 20:57:10.742295+00:00
2022-05-15T20:56:33.705509Z,12541035,0.18000000,400.00000000,buy,2022-05-15 20:56:33.705509+00:00
2022-05-15T20:56:33.705509Z,12541034,0.18000000,1440.00000000,buy,2022-05-15 20:56:33.705509+00:00
2022-05-15T20:56:33.653436Z,12541033,0.18010000,300.00000000,buy,2022-05-15 20:56:33.653436+00:00
2022-05-15T20:56:33.609528Z,12541032,0.18000000,300.00000000,buy,2022-05-15 20:56:33.609528+00:00
2022-05-15T20:56:33.609528Z,12541031,0.18000000,1440.00000000,buy,2022-05-15 20:56:33.609528+00:00
2022-05-15T20:56:33.573375Z,12541030,0.18020000,2.70000000,sell,2022-05-15 20:56:33.573375+00:00
2022-05-15T20:56:33.350791Z,12541029,0.18010000,2660.00000000,sell,2022-05-15 20:56:33.350791+00:00
2022-05-15T20:56:25.87445Z,12541028,0.18000000,3.00000000,sell,2022-05-15 20:56:25.874450+00:00
2022-05-15T20:56:25.87445Z,12541027,0.18000000,67.70000000,sell,2022-05-15 20:56:25.874450+00:00
2022-05-15T20:56:13.746438Z,12541026,0.18000000,52.60000000,sell,2022-05-15 20:56:13.746438+00:00
2022-05-15T20:56:07.004267Z,12541025,0.17990000,6.00000000,sell,2022-05-15 20:56:07.004267+00:00
2022-05-15T20:55:37.325838Z,12541024,0.17960000,400.00000000,buy,2022-05-15 20:55:37.325838+00:00
2022-05-15T20:55:37.092463Z,12541023,0.17960000,1440.00000000,buy,2022-05-15 20:55:37.092463+00:00
2022-05-15T20:55:36.294907Z,12541022,0.17960000,300.00000000,buy,2022-05-15 20:55:36.294907+00:00
2022-05-15T20:55:36.294907Z,12541021,0.17960000,1440.00000000,buy,2022-05-15 20:55:36.294907+00:00
2022-05-15T20:55:00.908908Z,12541020,0.18000000,55.30000000,sell,2022-05-15 20:55:00.908908+00:00
2022-05-15T20:54:45.036833Z,12541019,0.17940000,5.20000000,buy,2022-05-15 20:54:45.036833+00:00
2022-05-15T20:54:18.370963Z,12541018,0.17960000,11.50000000,buy,2022-05-15 20:54:18.370963+00:00
2022-05-15T20:54:17.836149Z,12541017,0.18000000,1264.40000000,sell,2022-05-15 20:54:17.836149+00:00
2022-05-15T20:54:00.461297Z,12541016,0.18000000,2.20000000,sell,2022-05-15 20:54:00.461297+00:00
2022-05-15T20:54:00.461297Z,12541015,0.18000000,56.40000000,sell,2022-05-15 20:54:00.461297+00:00
2022-05-15T20:53:12.350439Z,12541014,0.17960000,1440.00000000,buy,2022-05-15 20:53:12.350439+00:00
2022-05-15T20:52:17.438622Z,12541013,0.17920000,1440.00000000,buy,2022-05-15 20:52:17.438622+00:00
2022-05-15T20:51:02.540912Z,12541012,0.17950000,1156.50000000,sell,2022-05-15 20:51:02.540912+00:00
2022-05-15T20:50:58.644268Z,12541011,0.17900000,1.70000000,buy,2022-05-15 20:50:58.644268+00:00
2022-05-15T20:50:49.597291Z,12541010,0.17950000,283.50000000,sell,2022-05-15 20:50:49.597291+00:00
2022-05-15T20:50:49.597291Z,12541009,0.17940000,400.00000000,sell,2022-05-15 20:50:49.597291+00:00
2022-05-15T20:50:49.597291Z,12541008,0.17940000,420.20000000,sell,2022-05-15 20:50:49.597291+00:00
2022-05-15T20:50:49.597291Z,12541007,0.17930000,2496.00000000,sell,2022-05-15 20:50:49.597291+00:00
2022-05-15T20:50:49.597291Z,12541006,0.17930000,300.00000000,sell,2022-05-15 20:50:49.597291+00:00
2022-05-15T20:50:49.597291Z,12541005,0.17930000,1440.00000000,sell,2022-05-15 20:50:49.597291+00:00
2022-05-15T20:50:25.54424Z,12541004,0.17890000,10.60000000,buy,2022-05-15 20:50:25.544240+00:00
2022-05-15T20:50:23.724734Z,12541003,0.17910000,8.00000000,buy,2022-05-15 20:50:23.724734+00:00
2022-05-15T20:50:17.207721Z,12541002,0.17920000,5.80000000,buy,2022-05-15 20:50:17.207721+00:00
2022-05-15T20:50:10.448651Z,12541001,0.17970000,49.90000000,sell,2022-05-15 20:50:10.448651+00:00
2022-05-15T20:50:09.787267Z,12541000,0.17910000,213.90000000,buy,2022-05-15 20:50:09.787267+00:00
2022-05-15T20:50:09.787267Z,12540999,0.17910000,3.00000000,buy,2022-05-15 20:50:09.787267+00:00
2022-05-15T20:50:09.787267Z,12540998,0.17930000,316.10000000,buy,2022-05-15 20:50:09.787267+00:00
2022-05-15T20:50:03.901754Z,12540997,0.17960000,300.00000000,buy,2022-05-15 20:50:03.901754+00:00
2022-05-15T20:50:03.676642Z,12540996,0.17970000,200.00000000,buy,2022-05-15 20:50:03.676642+00:00
2022-05-15T20:49:46.021841Z,12540995,0.17890000,193.20000000,buy,2022-05-15 20:49:46.021841+00:00
2022-05-15T20:49:43.942675Z,12540994,0.17890000,6.30000000,buy,2022-05-15 20:49:43.942675+00:00
2022-05-15T20:49:13.738067Z,12540993,0.17910000,895.60000000,buy,2022-05-15 20:49:13.738067+00:00
2022-05-15T20:48:24.85339Z,12540992,0.17960000,6.70000000,sell,2022-05-15 20:48:24.853390+00:00
2022-05-15T20:48:16.242092Z,12540991,0.17940000,3.80000000,sell,2022-05-15 20:48:16.242092+00:00
2022-05-15T20:48:09.897774Z,12540990,0.17940000,50.00000000,sell,2022-05-15 20:48:09.897774+00:00
2022-05-15T20:48:03.769466Z,12540989,0.17940000,130.40000000,sell,2022-05-15 20:48:03.769466+00:00
2022-05-15T20:48:03.640807Z,12540988,0.17940000,6.80000000,sell,2022-05-15 20:48:03.640807+00:00
2022-05-15T20:47:51.925634Z,12540987,0.17890000,5.90000000,buy,2022-05-15 20:47:51.925634+00:00
2022-05-15T20:47:43.046775Z,12540986,0.17910000,1438.50000000,buy,2022-05-15 20:47:43.046775+00:00
2022-05-15T20:47:41.817173Z,12540985,0.17910000,1.50000000,buy,2022-05-15 20:47:41.817173+00:00
2022-05-15T20:47:41.817173Z,12540984,0.17910000,316.10000000,buy,2022-05-15 20:47:41.817173+00:00
2022-05-15T20:47:36.456052Z,12540983,0.17920000,992.90000000,buy,2022-05-15 20:47:36.456052+00:00
2022-05-15T20:47:27.476809Z,12540982,0.17960000,1440.00000000,buy,2022-05-15 20:47:27.476809+00:00
2022-05-15T20:46:52.363193Z,12540981,0.17920000,2.70000000,buy,2022-05-15 20:46:52.363193+00:00
2022-05-15T20:46:38.055847Z,12540980,0.17950000,265.80000000,sell,2022-05-15 20:46:38.055847+00:00
2022-05-15T20:46:17.316962Z,12540979,0.17860000,5.80000000,buy,2022-05-15 20:46:17.316962+00:00
2022-05-15T20:45:52.823096Z,12540978,0.17900000,250.30000000,buy,2022-05-15 20:45:52.823096+00:00
2022-05-15T20:45:51.17361Z,12540977,0.17900000,1189.70000000,buy,2022-05-15 20:45:51.173610+00:00
2022-05-15T20:45:48.642579Z,12540976,0.17910000,1440.00000000,sell,2022-05-15 20:45:48.642579+00:00
2022-05-15T20:45:41.480254Z,12540975,0.17870000,4.00000000,buy,2022-05-15 20:45:41.480254+00:00
2022-05-15T20:45:39.112515Z,12540974,0.17900000,334.60000000,buy,2022-05-15 20:45:39.112515+00:00
2022-05-15T20:45:39.10461Z,12540973,0.17900000,3500.00000000,buy,2022-05-15 20:45:39.104610+00:00
2022-05-15T20:45:23.231272Z,12540972,0.17900000,1434.70000000,buy,2022-05-15 20:45:23.231272+00:00
2022-05-15T20:45:21.604852Z,12540971,0.17900000,5.30000000,buy,2022-05-15 20:45:21.604852+00:00
2022-05-15T20:45:03.58213Z,12540970,0.17930000,5.00000000,sell,2022-05-15 20:45:03.582130+00:00
2022-05-15T20:45:03.364104Z,12540969,0.17880000,3.40000000,sell,2022-05-15 20:45:03.364104+00:00
2022-05-15T20:45:00.226715Z,12540968,0.17880000,556.50000000,sell,2022-05-15 20:45:00.226715+00:00
2022-05-15T20:44:49.154689Z,12540967,0.17830000,3.40000000,buy,2022-05-15 20:44:49.154689+00:00
2022-05-15T20:44:47.530347Z,12540966,0.17830000,5.30000000,buy,2022-05-15 20:44:47.530347+00:00
2022-05-15T20:43:59.58978Z,12540965,0.17820000,79.60000000,buy,2022-05-15 20:43:59.589780+00:00
2022-05-15T20:43:59.58978Z,12540964,0.17820000,420.20000000,buy,2022-05-15 20:43:59.589780+00:00
2022-05-15T20:43:59.58978Z,12540963,0.17830000,1440.00000000,buy,2022-05-15 20:43:59.589780+00:00
2022-05-15T20:43:33.087981Z,12540962,0.17810000,6.00000000,buy,2022-05-15 20:43:33.087981+00:00
2022-05-15T20:42:57.196943Z,12540961,0.17870000,1389.90000000,sell,2022-05-15 20:42:57.196943+00:00
2022-05-15T20:42:47.197691Z,12540960,0.17870000,50.10000000,sell,2022-05-15 20:42:47.197691+00:00
2022-05-15T20:42:38.0403Z,12540959,0.17860000,6.90000000,buy,2022-05-15 20:42:38.040300+00:00
2022-05-15T20:42:36.294303Z,12540958,0.17870000,1440.00000000,sell,2022-05-15 20:42:36.294303+00:00
2022-05-15T20:42:18.227748Z,12540957,0.17900000,109.60000000,sell,2022-05-15 20:42:18.227748+00:00
2022-05-15T20:42:12.958281Z,12540956,0.17850000,1438.90000000,sell,2022-05-15 20:42:12.958281+00:00
2022-05-15T20:42:04.697441Z,12540955,0.17850000,1.10000000,sell,2022-05-15 20:42:04.697441+00:00
2022-05-15T20:41:51.292249Z,12540954,0.17800000,5.90000000,buy,2022-05-15 20:41:51.292249+00:00
2022-05-15T20:41:22.206004Z,12540953,0.17870000,3.20000000,buy,2022-05-15 20:41:22.206004+00:00
2022-05-15T20:41:07.407024Z,12540952,0.17890000,1384.90000000,sell,2022-05-15 20:41:07.407024+00:00
2022-05-15T20:41:07.37763Z,12540951,0.17870000,400.00000000,sell,2022-05-15 20:41:07.377630+00:00
2022-05-15T20:41:07.179627Z,12540950,0.17890000,3508.20000000,sell,2022-05-15 20:41:07.179627+00:00
2022-05-15T20:41:07.179627Z,12540949,0.17890000,300.00000000,sell,2022-05-15 20:41:07.179627+00:00
2022-05-15T20:41:07.179627Z,12540948,0.17890000,1440.00000000,sell,2022-05-15 20:41:07.179627+00:00
2022-05-15T20:41:07.179627Z,12540947,0.17880000,300.00000000,sell,2022-05-15 20:41:07.179627+00:00
2022-05-15T20:41:07.179627Z,12540946,0.17880000,420.20000000,sell,2022-05-15 20:41:07.179627+00:00
2022-05-15T20:41:07.179627Z,12540945,0.17870000,1440.00000000,sell,2022-05-15 20:41:07.179627+00:00
2022-05-15T20:40:09.02712Z,12540944,0.17830000,57.40000000,buy,2022-05-15 20:40:09.027120+00:00
2022-05-15T20:40:05.861338Z,12540943,0.17840000,3063.90000000,buy,2022-05-15 20:40:05.861338+00:00
2022-05-15T20:40:05.861338Z,12540942,0.17850000,316.10000000,buy,2022-05-15 20:40:05.861338+00:00
2022-05-15T20:40:05.861338Z,12540941,0.17850000,9.00000000,buy,2022-05-15 20:40:05.861338+00:00
2022-05-15T20:40:05.861338Z,12540940,0.17860000,459.80000000,buy,2022-05-15 20:40:05.861338+00:00
2022-05-15T20:40:05.861338Z,12540939,0.17870000,1440.00000000,buy,2022-05-15 20:40:05.861338+00:00
2022-05-15T20:39:59.984826Z,12540938,0.17900000,5.40000000,buy,2022-05-15 20:39:59.984826+00:00
2022-05-15T20:39:50.591527Z,12540937,0.17930000,1111.10000000,sell,2022-05-15 20:39:50.591527+00:00
2022-05-15T20:39:42.818052Z,12540936,0.17910000,16.00000000,sell,2022-05-15 20:39:42.818052+00:00
2022-05-15T20:39:42.786678Z,12540935,0.17910000,1424.00000000,sell,2022-05-15 20:39:42.786678+00:00
2022-05-15T20:39:31.622293Z,12540934,0.17890000,1.20000000,sell,2022-05-15 20:39:31.622293+00:00
2022-05-15T20:38:57.998355Z,12540933,0.17890000,563.70000000,buy,2022-05-15 20:38:57.998355+00:00
2022-05-15T20:38:54.077003Z,12540932,0.17900000,688.40000000,sell,2022-05-15 20:38:54.077003+00:00
2022-05-15T20:38:54.077003Z,12540931,0.17900000,1440.00000000,sell,2022-05-15 20:38:54.077003+00:00
2022-05-15T20:38:54.077003Z,12540930,0.17890000,1868.90000000,sell,2022-05-15 20:38:54.077003+00:00
2022-05-15T20:38:54.077003Z,12540929,0.17880000,1440.00000000,sell,2022-05-15 20:38:54.077003+00:00
2022-05-15T20:38:20.937455Z,12540928,0.17870000,316.10000000,buy,2022-05-15 20:38:20.937455+00:00
2022-05-15T20:38:11.351229Z,12540927,0.17810000,37.00000000,buy,2022-05-15 20:38:11.351229+00:00
2022-05-15T20:37:49.747765Z,12540926,0.17880000,1440.00000000,buy,2022-05-15 20:37:49.747765+00:00
2022-05-15T20:37:49.711677Z,12540925,0.17980000,142.30000000,sell,2022-05-15 20:37:49.711677+00:00
2022-05-15T20:37:49.711677Z,12540924,0.17980000,459.80000000,sell,2022-05-15 20:37:49.711677+00:00
2022-05-15T20:37:45.539815Z,12540923,0.17870000,8.40000000,buy,2022-05-15 20:37:45.539815+00:00
2022-05-15T20:37:24.066935Z,12540922,0.17890000,1440.00000000,buy,2022-05-15 20:37:24.066935+00:00
2022-05-15T20:37:18.670105Z,12540921,0.17920000,1440.00000000,buy,2022-05-15 20:37:18.670105+00:00
2022-05-15T20:37:18.261008Z,12540920,0.17910000,1440.00000000,buy,2022-05-15 20:37:18.261008+00:00
2022-05-15T20:37:17.521345Z,12540919,0.17870000,1440.00000000,buy,2022-05-15 20:37:17.521345+00:00
2022-05-15T20:37:17.439854Z,12540918,0.17880000,1440.00000000,buy,2022-05-15 20:37:17.439854+00:00
2022-05-15T20:37:17.423481Z,12540917,0.17890000,459.80000000,buy,2022-05-15 20:37:17.423481+00:00
2022-05-15T20:37:17.419242Z,12540916,0.17900000,1440.00000000,buy,2022-05-15 20:37:17.419242+00:00
2022-05-15T20:37:17.174131Z,12540915,0.17830000,1440.00000000,buy,2022-05-15 20:37:17.174131+00:00
2022-05-15T20:37:16.091325Z,12540914,0.17750000,4.00000000,buy,2022-05-15 20:37:16.091325+00:00
2022-05-15T20:37:14.203157Z,12540913,0.17750000,6.10000000,buy,2022-05-15 20:37:14.203157+00:00
2022-05-15T20:36:07.689295Z,12540912,0.17780000,17.40000000,sell,2022-05-15 20:36:07.689295+00:00
2022-05-15T20:36:05.713126Z,12540911,0.17760000,2627.40000000,sell,2022-05-15 20:36:05.713126+00:00
2022-05-15T20:35:54.495885Z,12540910,0.17750000,1440.00000000,buy,2022-05-15 20:35:54.495885+00:00
2022-05-15T20:35:54.29561Z,12540909,0.17760000,1440.00000000,buy,2022-05-15 20:35:54.295610+00:00
2022-05-15T20:35:49.661619Z,12540908,0.17780000,1440.00000000,buy,2022-05-15 20:35:49.661619+00:00
2022-05-15T20:35:49.557249Z,12540907,0.17770000,459.80000000,buy,2022-05-15 20:35:49.557249+00:00
2022-05-15T20:35:49.507273Z,12540906,0.17850000,646.70000000,sell,2022-05-15 20:35:49.507273+00:00
2022-05-15T20:35:49.507273Z,12540905,0.17850000,459.80000000,sell,2022-05-15 20:35:49.507273+00:00
2022-05-15T20:35:42.411787Z,12540904,0.17760000,300.00000000,sell,2022-05-15 20:35:42.411787+00:00
2022-05-15T20:35:40.605497Z,12540903,0.17720000,400.00000000,sell,2022-05-15 20:35:40.605497+00:00
2022-05-15T20:35:40.605497Z,12540902,0.17720000,1440.00000000,sell,2022-05-15 20:35:40.605497+00:00
2022-05-15T20:35:40.152737Z,12540901,0.17700000,1440.00000000,sell,2022-05-15 20:35:40.152737+00:00
2022-05-15T20:35:38.175126Z,12540900,0.17700000,400.00000000,sell,2022-05-15 20:35:38.175126+00:00
2022-05-15T20:35:38.175126Z,12540899,0.17700000,1440.00000000,sell,2022-05-15 20:35:38.175126+00:00
2022-05-15T20:35:36.872918Z,12540898,0.17700000,400.00000000,sell,2022-05-15 20:35:36.872918+00:00
2022-05-15T20:35:36.860773Z,12540897,0.17690000,400.00000000,sell,2022-05-15 20:35:36.860773+00:00
2022-05-15T20:35:36.860773Z,12540896,0.17690000,1440.00000000,sell,2022-05-15 20:35:36.860773+00:00
2022-05-15T20:35:36.486463Z,12540895,0.17660000,9.10000000,buy,2022-05-15 20:35:36.486463+00:00
2022-05-15T20:35:36.265615Z,12540894,0.17700000,316.10000000,buy,2022-05-15 20:35:36.265615+00:00
2022-05-15T20:35:36.260368Z,12540893,0.17700000,143.70000000,buy,2022-05-15 20:35:36.260368+00:00
2022-05-15T20:35:36.038509Z,12540892,0.17700000,316.10000000,buy,2022-05-15 20:35:36.038509+00:00
2022-05-15T20:35:36.030986Z,12540891,0.17700000,6000.00000000,buy,2022-05-15 20:35:36.030986+00:00
2022-05-15T20:35:35.745386Z,12540890,0.17730000,5496.10000000,buy,2022-05-15 20:35:35.745386+00:00
2022-05-15T20:35:35.745189Z,12540889,0.17730000,4184.70000000,buy,2022-05-15 20:35:35.745189+00:00
2022-05-15T20:35:35.745189Z,12540888,0.17740000,459.80000000,buy,2022-05-15 20:35:35.745189+00:00
2022-05-15T20:35:35.725398Z,12540887,0.17750000,3160.60000000,buy,2022-05-15 20:35:35.725398+00:00
2022-05-15T20:35:35.695116Z,12540886,0.17770000,316.10000000,buy,2022-05-15 20:35:35.695116+00:00
2022-05-15T20:35:31.455132Z,12540885,0.17800000,4.20000000,buy,2022-05-15 20:35:31.455132+00:00
2022-05-15T20:35:20.410619Z,12540884,0.17830000,4.20000000,buy,2022-05-15 20:35:20.410619+00:00
2022-05-15T20:34:56.515705Z,12540883,0.17870000,2.40000000,buy,2022-05-15 20:34:56.515705+00:00
2022-05-15T20:34:42.318182Z,12540882,0.17920000,417.10000000,sell,2022-05-15 20:34:42.318182+00:00
2022-05-15T20:34:31.021567Z,12540881,0.17850000,3.70000000,buy,2022-05-15 20:34:31.021567+00:00
2022-05-15T20:34:25.747541Z,12540880,0.17870000,2.00000000,buy,2022-05-15 20:34:25.747541+00:00
2022-05-15T20:33:59.357507Z,12540879,0.17860000,300.00000000,buy,2022-05-15 20:33:59.357507+00:00
2022-05-15T20:33:59.357507Z,12540878,0.17860000,7.00000000,buy,2022-05-15 20:33:59.357507+00:00
2022-05-15T20:33:55.5579Z,12540877,0.17870000,4.30000000,sell,2022-05-15 20:33:55.557900+00:00
2022-05-15T20:32:50.242852Z,12540876,0.17870000,130.90000000,sell,2022-05-15 20:32:50.242852+00:00
2022-05-15T20:32:19.130664Z,12540875,0.17850000,6.10000000,buy,2022-05-15 20:32:19.130664+00:00
2022-05-15T20:32:17.55737Z,12540874,0.17870000,1440.00000000,buy,2022-05-15 20:32:17.557370+00:00
2022-05-15T20:32:08.984884Z,12540873,0.17810000,5.60000000,buy,2022-05-15 20:32:08.984884+00:00
2022-05-15T20:31:21.431041Z,12540872,0.17780000,3.40000000,buy,2022-05-15 20:31:21.431041+00:00
2022-05-15T20:31:09.780229Z,12540871,0.17820000,1.10000000,sell,2022-05-15 20:31:09.780229+00:00
2022-05-15T20:31:07.000581Z,12540870,0.17780000,5.00000000,buy,2022-05-15 20:31:07.000581+00:00
2022-05-15T20:30:50.319514Z,12540869,0.17820000,1359.00000000,sell,2022-05-15 20:30:50.319514+00:00
2022-05-15T20:30:44.325366Z,12540868,0.17770000,71.50000000,buy,2022-05-15 20:30:44.325366+00:00
2022-05-15T20:30:43.969924Z,12540867,0.17820000,75.40000000,sell,2022-05-15 20:30:43.969924+00:00
2022-05-15T20:30:35.399606Z,12540866,0.17820000,5.60000000,sell,2022-05-15 20:30:35.399606+00:00
2022-05-15T20:30:34.410805Z,12540865,0.17770000,4.10000000,buy,2022-05-15 20:30:34.410805+00:00
2022-05-15T20:30:27.825729Z,12540864,0.17820000,56.40000000,buy,2022-05-15 20:30:27.825729+00:00
2022-05-15T20:30:23.841342Z,12540863,0.17850000,459.80000000,buy,2022-05-15 20:30:23.841342+00:00
2022-05-15T20:30:23.841342Z,12540862,0.17850000,316.10000000,buy,2022-05-15 20:30:23.841342+00:00
2022-05-15T20:30:23.841342Z,12540861,0.17850000,8847.70000000,buy,2022-05-15 20:30:23.841342+00:00
2022-05-15T20:30:19.460717Z,12540860,0.17860000,3.30000000,buy,2022-05-15 20:30:19.460717+00:00
2022-05-15T20:29:58.616571Z,12540859,0.17960000,5.60000000,sell,2022-05-15 20:29:58.616571+00:00
2022-05-15T20:29:44.874071Z,12540858,0.17960000,6.70000000,sell,2022-05-15 20:29:44.874071+00:00
2022-05-15T20:29:36.606494Z,12540857,0.17960000,4.30000000,sell,2022-05-15 20:29:36.606494+00:00
2022-05-15T20:29:32.246467Z,12540856,0.17910000,5.30000000,buy,2022-05-15 20:29:32.246467+00:00
2022-05-15T20:29:21.989342Z,12540855,0.17910000,5.60000000,buy,2022-05-15 20:29:21.989342+00:00
2022-05-15T20:29:16.434396Z,12540854,0.17960000,49.90000000,sell,2022-05-15 20:29:16.434396+00:00
2022-05-15T20:28:59.737769Z,12540853,0.17950000,3048.60000000,buy,2022-05-15 20:28:59.737769+00:00
2022-05-15T20:28:59.737769Z,12540852,0.17950000,2.30000000,buy,2022-05-15 20:28:59.737769+00:00
2022-05-15T20:28:58.560863Z,12540851,0.18010000,1440.00000000,buy,2022-05-15 20:28:58.560863+00:00
2022-05-15T20:28:58.416845Z,12540850,0.18000000,3000.00000000,buy,2022-05-15 20:28:58.416845+00:00
2022-05-15T20:28:58.385197Z,12540849,0.18060000,5414.40000000,sell,2022-05-15 20:28:58.385197+00:00
2022-05-15T20:28:58.385197Z,12540848,0.18050000,280.00000000,sell,2022-05-15 20:28:58.385197+00:00
2022-05-15T20:28:58.385197Z,12540847,0.18050000,2784.80000000,sell,2022-05-15 20:28:58.385197+00:00
2022-05-15T20:28:58.385197Z,12540846,0.18020000,3.50000000,sell,2022-05-15 20:28:58.385197+00:00
2022-05-15T20:28:58.385197Z,12540845,0.18010000,2561.60000000,sell,2022-05-15 20:28:58.385197+00:00
2022-05-15T20:28:58.115324Z,12540844,0.17990000,9.00000000,buy,2022-05-15 20:28:58.115324+00:00
2022-05-15T20:28:57.625053Z,12540843,0.18000000,56.40000000,sell,2022-05-15 20:28:57.625053+00:00
2022-05-15T20:28:57.604687Z,12540842,0.17990000,9.70000000,sell,2022-05-15 20:28:57.604687+00:00
2022-05-15T20:28:57.604687Z,12540841,0.17990000,321.70000000,sell,2022-05-15 20:28:57.604687+00:00
2022-05-15T20:28:46.673531Z,12540840,0.17990000,533.00000000,sell,2022-05-15 20:28:46.673531+00:00
2022-05-15T20:28:37.418834Z,12540839,0.17960000,1440.00000000,buy,2022-05-15 20:28:37.418834+00:00
2022-05-15T20:28:37.418834Z,12540838,0.17960000,459.80000000,buy,2022-05-15 20:28:37.418834+00:00
2022-05-15T20:28:35.234911Z,12540837,0.17960000,1891.10000000,sell,2022-05-15 20:28:35.234911+00:00
2022-05-15T20:28:34.040572Z,12540836,0.17890000,3.00000000,buy,2022-05-15 20:28:34.040572+00:00
2022-05-15T20:28:27.431646Z,12540835,0.17950000,1138.20000000,sell,2022-05-15 20:28:27.431646+00:00
2022-05-15T20:28:24.338707Z,12540834,0.17950000,539.30000000,sell,2022-05-15 20:28:24.338707+00:00
2022-05-15T20:28:17.405565Z,12540833,0.17920000,6.50000000,buy,2022-05-15 20:28:17.405565+00:00
2022-05-15T20:28:10.336015Z,12540832,0.17940000,3690.30000000,sell,2022-05-15 20:28:10.336015+00:00
2022-05-15T20:28:10.336015Z,12540831,0.17940000,2800.30000000,sell,2022-05-15 20:28:10.336015+00:00
2022-05-15T20:28:10.336015Z,12540830,0.17920000,300.00000000,sell,2022-05-15 20:28:10.336015+00:00
2022-05-15T20:28:10.336015Z,12540829,0.17910000,9101.40000000,sell,2022-05-15 20:28:10.336015+00:00
2022-05-15T20:28:10.336015Z,12540828,0.17900000,400.00000000,sell,2022-05-15 20:28:10.336015+00:00
2022-05-15T20:28:10.336015Z,12540827,0.17900000,3084.60000000,sell,2022-05-15 20:28:10.336015+00:00
2022-05-15T20:28:10.336015Z,12540826,0.17900000,1440.00000000,sell,2022-05-15 20:28:10.336015+00:00
2022-05-15T20:28:10.336015Z,12540825,0.17890000,459.80000000,sell,2022-05-15 20:28:10.336015+00:00
2022-05-15T20:28:10.336015Z,12540824,0.17890000,2852.00000000,sell,2022-05-15 20:28:10.336015+00:00
2022-05-15T20:28:10.336015Z,12540823,0.17880000,1.30000000,sell,2022-05-15 20:28:10.336015+00:00
2022-05-15T20:28:10.336015Z,12540822,0.17880000,1440.00000000,sell,2022-05-15 20:28:10.336015+00:00
2022-05-15T20:28:08.008635Z,12540821,0.17820000,5181.40000000,buy,2022-05-15 20:28:08.008635+00:00
2022-05-15T20:28:08.008635Z,12540820,0.17840000,316.10000000,buy,2022-05-15 20:28:08.008635+00:00
2022-05-15T20:28:08.008635Z,12540819,0.17850000,1436.30000000,buy,2022-05-15 20:28:08.008635+00:00
2022-05-15T20:28:06.232757Z,12540818,0.17850000,3.70000000,buy,2022-05-15 20:28:06.232757+00:00
2022-05-15T20:27:50.909114Z,12540817,0.17920000,426.00000000,buy,2022-05-15 20:27:50.909114+00:00
2022-05-15T20:27:50.893088Z,12540816,0.17920000,5448.50000000,buy,2022-05-15 20:27:50.893088+00:00
2022-05-15T20:27:50.87633Z,12540815,0.17920000,2803.00000000,sell,2022-05-15 20:27:50.876330+00:00
2022-05-15T20:27:50.87633Z,12540814,0.17910000,8985.50000000,sell,2022-05-15 20:27:50.876330+00:00
2022-05-15T20:27:50.87633Z,12540813,0.17890000,1440.00000000,sell,2022-05-15 20:27:50.876330+00:00
2022-05-15T20:27:50.87633Z,12540812,0.17890000,459.80000000,sell,2022-05-15 20:27:50.876330+00:00
2022-05-15T20:27:50.87633Z,12540811,0.17880000,3084.60000000,sell,2022-05-15 20:27:50.876330+00:00
2022-05-15T20:27:50.87633Z,12540810,0.17880000,2937.60000000,sell,2022-05-15 20:27:50.876330+00:00
2022-05-15T20:27:38.893215Z,12540809,0.17840000,3.80000000,buy,2022-05-15 20:27:38.893215+00:00
2022-05-15T20:27:30.427257Z,12540808,0.17800000,6.80000000,buy,2022-05-15 20:27:30.427257+00:00
2022-05-15T20:27:10.635402Z,12540807,0.17800000,6.60000000,buy,2022-05-15 20:27:10.635402+00:00
2022-05-15T20:27:03.323231Z,12540806,0.17800000,46.80000000,buy,2022-05-15 20:27:03.323231+00:00
2022-05-15T20:27:01.567274Z,12540805,0.17800000,48.60000000,buy,2022-05-15 20:27:01.567274+00:00
2022-05-15T20:26:35.984637Z,12540804,0.17850000,39.00000000,sell,2022-05-15 20:26:35.984637+00:00
2022-05-15T20:26:33.504432Z,12540803,0.17790000,240.00000000,buy,2022-05-15 20:26:33.504432+00:00
2022-05-15T20:26:33.250939Z,12540802,0.17810000,316.10000000,buy,2022-05-15 20:26:33.250939+00:00
2022-05-15T20:26:33.250939Z,12540801,0.17810000,1440.00000000,buy,2022-05-15 20:26:33.250939+00:00
2022-05-15T20:26:21.671546Z,12540800,0.17830000,7.00000000,buy,2022-05-15 20:26:21.671546+00:00
2022-05-15T20:26:16.862821Z,12540799,0.17850000,1437.50000000,buy,2022-05-15 20:26:16.862821+00:00
2022-05-15T20:26:16.636317Z,12540798,0.17850000,2.50000000,buy,2022-05-15 20:26:16.636317+00:00
2022-05-15T20:26:15.731969Z,12540797,0.17870000,1440.00000000,buy,2022-05-15 20:26:15.731969+00:00
2022-05-15T20:25:03.509631Z,12540796,0.17820000,300.00000000,sell,2022-05-15 20:25:03.509631+00:00
2022-05-15T20:25:02.701745Z,12540795,0.17800000,300.00000000,sell,2022-05-15 20:25:02.701745+00:00
2022-05-15T20:25:02.701745Z,12540794,0.17800000,1440.00000000,sell,2022-05-15 20:25:02.701745+00:00
2022-05-15T20:25:02.069982Z,12540793,0.17800000,200.00000000,sell,2022-05-15 20:25:02.069982+00:00
2022-05-15T20:25:02.069982Z,12540792,0.17800000,1440.00000000,sell,2022-05-15 20:25:02.069982+00:00
2022-05-15T20:25:01.063451Z,12540791,0.17760000,3.90000000,buy,2022-05-15 20:25:01.063451+00:00
2022-05-15T20:24:56.83199Z,12540790,0.17750000,7.60000000,buy,2022-05-15 20:24:56.831990+00:00
2022-05-15T20:24:48.921241Z,12540789,0.17890000,17.40000000,sell,2022-05-15 20:24:48.921241+00:00
2022-05-15T20:24:46.182107Z,12540788,0.17790000,316.10000000,buy,2022-05-15 20:24:46.182107+00:00
2022-05-15T20:24:45.788104Z,12540787,0.17820000,459.80000000,buy,2022-05-15 20:24:45.788104+00:00
2022-05-15T20:24:37.828248Z,12540786,0.17830000,459.80000000,buy,2022-05-15 20:24:37.828248+00:00
2022-05-15T20:24:34.87083Z,12540785,0.17820000,56.40000000,sell,2022-05-15 20:24:34.870830+00:00
2022-05-15T20:24:34.323848Z,12540784,0.17790000,8.40000000,sell,2022-05-15 20:24:34.323848+00:00
2022-05-15T20:24:33.926556Z,12540783,0.17760000,167.90000000,buy,2022-05-15 20:24:33.926556+00:00
2022-05-15T20:24:25.667399Z,12540782,0.17790000,440.00000000,sell,2022-05-15 20:24:25.667399+00:00
2022-05-15T20:24:25.585158Z,12540781,0.17760000,4.00000000,sell,2022-05-15 20:24:25.585158+00:00
2022-05-15T20:24:25.448205Z,12540780,0.17750000,4.70000000,sell,2022-05-15 20:24:25.448205+00:00
2022-05-15T20:24:09.585053Z,12540779,0.17720000,3088.20000000,buy,2022-05-15 20:24:09.585053+00:00
2022-05-15T20:24:08.217967Z,12540778,0.17710000,459.80000000,buy,2022-05-15 20:24:08.217967+00:00
2022-05-15T20:23:40.559917Z,12540777,0.17680000,7.90000000,buy,2022-05-15 20:23:40.559917+00:00
2022-05-15T20:23:19.504779Z,12540776,0.17680000,134.90000000,buy,2022-05-15 20:23:19.504779+00:00
2022-05-15T20:23:18.335439Z,12540775,0.17700000,316.10000000,buy,2022-05-15 20:23:18.335439+00:00
2022-05-15T20:23:09.095641Z,12540774,0.17700000,1.10000000,buy,2022-05-15 20:23:09.095641+00:00
2022-05-15T20:22:49.624281Z,12540773,0.17700000,118.00000000,buy,2022-05-15 20:22:49.624281+00:00
2022-05-15T20:22:31.527934Z,12540772,0.17700000,5.60000000,buy,2022-05-15 20:22:31.527934+00:00
2022-05-15T20:22:28.149143Z,12540771,0.17770000,0.80000000,buy,2022-05-15 20:22:28.149143+00:00
2022-05-15T20:22:09.151937Z,12540770,0.17770000,3.60000000,buy,2022-05-15 20:22:09.151937+00:00
2022-05-15T20:22:08.347371Z,12540769,0.17760000,2.50000000,buy,2022-05-15 20:22:08.347371+00:00
2022-05-15T20:22:00.216864Z,12540768,0.17780000,1440.00000000,buy,2022-05-15 20:22:00.216864+00:00
2022-05-15T20:22:00.086894Z,12540767,0.17780000,1440.00000000,buy,2022-05-15 20:22:00.086894+00:00
2022-05-15T20:21:59.955491Z,12540766,0.17780000,1440.00000000,buy,2022-05-15 20:21:59.955491+00:00
2022-05-15T20:21:59.807659Z,12540765,0.17790000,3.00000000,sell,2022-05-15 20:21:59.807659+00:00
2022-05-15T20:21:59.807659Z,12540764,0.17790000,2922.40000000,sell,2022-05-15 20:21:59.807659+00:00
2022-05-15T20:21:31.822374Z,12540763,0.17750000,1440.00000000,buy,2022-05-15 20:21:31.822374+00:00
2022-05-15T20:21:31.093889Z,12540762,0.17770000,1440.00000000,buy,2022-05-15 20:21:31.093889+00:00
2022-05-15T20:21:31.070663Z,12540761,0.17790000,2922.40000000,sell,2022-05-15 20:21:31.070663+00:00
2022-05-15T20:21:28.46268Z,12540760,0.17750000,3050.60000000,sell,2022-05-15 20:21:28.462680+00:00
2022-05-15T20:21:28.421893Z,12540759,0.17730000,1440.00000000,buy,2022-05-15 20:21:28.421893+00:00
2022-05-15T20:21:26.969002Z,12540758,0.17750000,3084.60000000,sell,2022-05-15 20:21:26.969002+00:00
2022-05-15T20:21:26.673808Z,12540757,0.17740000,3243.10000000,sell,2022-05-15 20:21:26.673808+00:00
2022-05-15T20:21:18.278232Z,12540756,0.17750000,196.20000000,sell,2022-05-15 20:21:18.278232+00:00
2022-05-15T20:21:13.057258Z,12540755,0.17710000,63.50000000,buy,2022-05-15 20:21:13.057258+00:00
2022-05-15T20:20:54.515061Z,12540754,0.17680000,4.10000000,buy,2022-05-15 20:20:54.515061+00:00
2022-05-15T20:20:38.501252Z,12540753,0.17740000,316.10000000,sell,2022-05-15 20:20:38.501252+00:00
2022-05-15T20:20:38.411541Z,12540752,0.17680000,5.50000000,buy,2022-05-15 20:20:38.411541+00:00
2022-05-15T20:20:38.23239Z,12540751,0.17740000,316.10000000,sell,2022-05-15 20:20:38.232390+00:00
2022-05-15T20:20:37.953849Z,12540750,0.17740000,316.10000000,sell,2022-05-15 20:20:37.953849+00:00
2022-05-15T20:20:37.946479Z,12540749,0.17730000,3084.60000000,sell,2022-05-15 20:20:37.946479+00:00
2022-05-15T20:20:37.682754Z,12540748,0.17730000,2790.90000000,sell,2022-05-15 20:20:37.682754+00:00
2022-05-15T20:20:37.67491Z,12540747,0.17730000,369.70000000,sell,2022-05-15 20:20:37.674910+00:00
2022-05-15T20:20:37.67491Z,12540746,0.17730000,6340.30000000,sell,2022-05-15 20:20:37.674910+00:00
2022-05-15T20:20:37.67491Z,12540745,0.17720000,316.10000000,sell,2022-05-15 20:20:37.674910+00:00
2022-05-15T20:20:37.583795Z,12540744,0.17690000,4.50000000,buy,2022-05-15 20:20:37.583795+00:00
2022-05-15T20:20:29.72554Z,12540743,0.17730000,1687.70000000,sell,2022-05-15 20:20:29.725540+00:00
2022-05-15T20:20:29.72554Z,12540742,0.17730000,3160.60000000,sell,2022-05-15 20:20:29.725540+00:00
2022-05-15T20:20:29.72554Z,12540741,0.17720000,459.80000000,sell,2022-05-15 20:20:29.725540+00:00
2022-05-15T20:20:29.72554Z,12540740,0.17710000,316.10000000,sell,2022-05-15 20:20:29.725540+00:00
2022-05-15T20:20:21.627547Z,12540739,0.17710000,316.10000000,sell,2022-05-15 20:20:21.627547+00:00
2022-05-15T20:20:19.756406Z,12540738,0.17700000,3160.60000000,sell,2022-05-15 20:20:19.756406+00:00
2022-05-15T20:20:19.756406Z,12540737,0.17690000,316.10000000,sell,2022-05-15 20:20:19.756406+00:00
2022-05-15T20:20:19.475733Z,12540736,0.17680000,316.10000000,sell,2022-05-15 20:20:19.475733+00:00
2022-05-15T20:20:03.345673Z,12540735,0.17650000,109.50000000,buy,2022-05-15 20:20:03.345673+00:00
2022-05-15T20:19:57.000773Z,12540734,0.17690000,316.10000000,sell,2022-05-15 20:19:57.000773+00:00
2022-05-15T20:19:53.54253Z,12540733,0.17680000,261.60000000,sell,2022-05-15 20:19:53.542530+00:00
2022-05-15T20:19:51.283635Z,12540732,0.17680000,39.30000000,sell,2022-05-15 20:19:51.283635+00:00
2022-05-15T20:19:48.936601Z,12540731,0.17680000,15.20000000,sell,2022-05-15 20:19:48.936601+00:00
2022-05-15T20:19:46.366805Z,12540730,0.17690000,216.20000000,sell,2022-05-15 20:19:46.366805+00:00
2022-05-15T20:19:46.366805Z,12540729,0.17690000,4010.00000000,sell,2022-05-15 20:19:46.366805+00:00
2022-05-15T20:19:46.366805Z,12540728,0.17670000,1440.00000000,sell,2022-05-15 20:19:46.366805+00:00
2022-05-15T20:19:46.366805Z,12540727,0.17670000,97.70000000,sell,2022-05-15 20:19:46.366805+00:00
2022-05-15T20:19:27.989679Z,12540726,0.17670000,1.40000000,sell,2022-05-15 20:19:27.989679+00:00
2022-05-15T20:18:45.890847Z,12540725,0.17630000,5.60000000,buy,2022-05-15 20:18:45.890847+00:00
2022-05-15T20:18:44.292792Z,12540724,0.17670000,76.10000000,sell,2022-05-15 20:18:44.292792+00:00
2022-05-15T20:18:15.608039Z,12540723,0.17630000,1.20000000,buy,2022-05-15 20:18:15.608039+00:00
2022-05-15T20:18:00.616602Z,12540722,0.17670000,140.90000000,sell,2022-05-15 20:18:00.616602+00:00
2022-05-15T20:17:47.462424Z,12540721,0.17640000,5.70000000,buy,2022-05-15 20:17:47.462424+00:00
2022-05-15T20:17:43.80598Z,12540720,0.17660000,2.20000000,sell,2022-05-15 20:17:43.805980+00:00
2022-05-15T20:17:19.316937Z,12540719,0.17650000,5.00000000,buy,2022-05-15 20:17:19.316937+00:00
2022-05-15T20:17:11.312638Z,12540718,0.17650000,3.50000000,buy,2022-05-15 20:17:11.312638+00:00
2022-05-15T20:17:05.121769Z,12540717,0.17680000,5.50000000,sell,2022-05-15 20:17:05.121769+00:00
2022-05-15T20:16:39.686194Z,12540716,0.17680000,316.10000000,sell,2022-05-15 20:16:39.686194+00:00
2022-05-15T20:16:39.467894Z,12540715,0.17670000,316.10000000,sell,2022-05-15 20:16:39.467894+00:00
2022-05-15T20:16:32.314029Z,12540714,0.17630000,3.70000000,buy,2022-05-15 20:16:32.314029+00:00
2022-05-15T20:16:20.759318Z,12540713,0.17640000,316.10000000,sell,2022-05-15 20:16:20.759318+00:00
2022-05-15T20:16:11.665942Z,12540712,0.17620000,316.10000000,buy,2022-05-15 20:16:11.665942+00:00
2022-05-15T20:16:11.665942Z,12540711,0.17620000,459.80000000,buy,2022-05-15 20:16:11.665942+00:00
2022-05-15T20:15:57.889404Z,12540710,0.17640000,1440.00000000,sell,2022-05-15 20:15:57.889404+00:00
2022-05-15T20:15:49.681501Z,12540709,0.17650000,259.60000000,buy,2022-05-15 20:15:49.681501+00:00
2022-05-15T20:15:46.786111Z,12540708,0.17650000,56.50000000,buy,2022-05-15 20:15:46.786111+00:00
2022-05-15T20:15:39.537618Z,12540707,0.17680000,1201.30000000,buy,2022-05-15 20:15:39.537618+00:00
2022-05-15T20:15:38.168015Z,12540706,0.17690000,3084.60000000,sell,2022-05-15 20:15:38.168015+00:00
2022-05-15T20:15:38.168015Z,12540705,0.17690000,200.00000000,sell,2022-05-15 20:15:38.168015+00:00
2022-05-15T20:15:38.168015Z,12540704,0.17690000,1440.00000000,sell,2022-05-15 20:15:38.168015+00:00
2022-05-15T20:15:37.478044Z,12540703,0.17680000,459.80000000,buy,2022-05-15 20:15:37.478044+00:00
2022-05-15T20:15:37.463621Z,12540702,0.17680000,459.80000000,buy,2022-05-15 20:15:37.463621+00:00
2022-05-15T20:15:37.447763Z,12540701,0.17680000,459.80000000,buy,2022-05-15 20:15:37.447763+00:00
2022-05-15T20:15:37.431429Z,12540700,0.17680000,16000.00000000,buy,2022-05-15 20:15:37.431429+00:00
2022-05-15T20:15:37.422722Z,12540699,0.17680000,54.50000000,buy,2022-05-15 20:15:37.422722+00:00
2022-05-15T20:15:37.416407Z,12540698,0.17680000,120.60000000,buy,2022-05-15 20:15:37.416407+00:00
2022-05-15T20:15:37.411724Z,12540697,0.17680000,43.10000000,buy,2022-05-15 20:15:37.411724+00:00
2022-05-15T20:15:37.402957Z,12540696,0.17680000,20.50000000,buy,2022-05-15 20:15:37.402957+00:00
2022-05-15T20:15:37.397646Z,12540695,0.17680000,165.00000000,buy,2022-05-15 20:15:37.397646+00:00
2022-05-15T20:15:37.3912Z,12540694,0.17680000,5.10000000,buy,2022-05-15 20:15:37.391200+00:00
2022-05-15T20:15:37.390991Z,12540693,0.17680000,459.80000000,buy,2022-05-15 20:15:37.390991+00:00
2022-05-15T20:15:37.387749Z,12540692,0.17680000,36.20000000,buy,2022-05-15 20:15:37.387749+00:00
2022-05-15T20:15:37.380963Z,12540691,0.17680000,2203.10000000,buy,2022-05-15 20:15:37.380963+00:00
2022-05-15T20:15:37.374866Z,12540690,0.17680000,15126.40000000,buy,2022-05-15 20:15:37.374866+00:00
2022-05-15T20:15:37.371348Z,12540689,0.17680000,9.30000000,buy,2022-05-15 20:15:37.371348+00:00
2022-05-15T20:15:37.364482Z,12540688,0.17680000,6851.90000000,buy,2022-05-15 20:15:37.364482+00:00
2022-05-15T20:15:35.853992Z,12540687,0.17680000,11520.00000000,buy,2022-05-15 20:15:35.853992+00:00
2022-05-15T20:15:35.545171Z,12540686,0.17680000,17913.30000000,buy,2022-05-15 20:15:35.545171+00:00
2022-05-15T20:15:35.525658Z,12540685,0.17680000,11520.00000000,buy,2022-05-15 20:15:35.525658+00:00
2022-05-15T20:15:25.671943Z,12540684,0.17730000,50.60000000,sell,2022-05-15 20:15:25.671943+00:00
2022-05-15T20:15:14.202664Z,12540683,0.17720000,6.10000000,buy,2022-05-15 20:15:14.202664+00:00
2022-05-15T20:15:08.414607Z,12540682,0.17740000,316.10000000,sell,2022-05-15 20:15:08.414607+00:00
2022-05-15T20:15:06.040875Z,12540681,0.17720000,53.70000000,sell,2022-05-15 20:15:06.040875+00:00
2022-05-15T20:15:05.091771Z,12540680,0.17720000,262.40000000,sell,2022-05-15 20:15:05.091771+00:00
2022-05-15T20:15:01.670569Z,12540679,0.17700000,316.10000000,sell,2022-05-15 20:15:01.670569+00:00
2022-05-15T20:14:55.663807Z,12540678,0.17700000,2667.90000000,sell,2022-05-15 20:14:55.663807+00:00
2022-05-15T20:14:33.846609Z,12540677,0.17670000,9.50000000,buy,2022-05-15 20:14:33.846609+00:00
2022-05-15T20:14:19.38406Z,12540676,0.17710000,1416.70000000,buy,2022-05-15 20:14:19.384060+00:00
2022-05-15T20:14:17.973698Z,12540675,0.17710000,23.30000000,buy,2022-05-15 20:14:17.973698+00:00
2022-05-15T20:14:07.599347Z,12540674,0.17730000,316.10000000,sell,2022-05-15 20:14:07.599347+00:00
2022-05-15T20:14:04.803242Z,12540673,0.17660000,1440.00000000,buy,2022-05-15 20:14:04.803242+00:00
2022-05-15T20:13:58.122317Z,12540672,0.17670000,459.80000000,sell,2022-05-15 20:13:58.122317+00:00
2022-05-15T20:13:58.122317Z,12540671,0.17670000,300.00000000,sell,2022-05-15 20:13:58.122317+00:00
2022-05-15T20:13:58.122317Z,12540670,0.17670000,1440.00000000,sell,2022-05-15 20:13:58.122317+00:00
2022-05-15T20:13:53.508646Z,12540669,0.17690000,1440.00000000,buy,2022-05-15 20:13:53.508646+00:00
2022-05-15T20:13:48.782118Z,12540668,0.17700000,1440.00000000,sell,2022-05-15 20:13:48.782118+00:00
2022-05-15T20:13:46.783123Z,12540667,0.17630000,316.10000000,buy,2022-05-15 20:13:46.783123+00:00
2022-05-15T20:13:46.783123Z,12540666,0.17630000,1438.90000000,buy,2022-05-15 20:13:46.783123+00:00
2022-05-15T20:13:46.286065Z,12540665,0.17630000,1.10000000,buy,2022-05-15 20:13:46.286065+00:00
2022-05-15T20:13:35.728165Z,12540664,0.17630000,400.00000000,sell,2022-05-15 20:13:35.728165+00:00
2022-05-15T20:13:35.611906Z,12540663,0.17630000,316.10000000,sell,2022-05-15 20:13:35.611906+00:00
2022-05-15T20:13:35.390684Z,12540662,0.17610000,400.00000000,sell,2022-05-15 20:13:35.390684+00:00
2022-05-15T20:13:35.307791Z,12540661,0.17590000,300.00000000,sell,2022-05-15 20:13:35.307791+00:00
2022-05-15T20:13:35.208578Z,12540660,0.17580000,300.00000000,sell,2022-05-15 20:13:35.208578+00:00
2022-05-15T20:13:35.208578Z,12540659,0.17580000,1440.00000000,sell,2022-05-15 20:13:35.208578+00:00
2022-05-15T20:13:34.729621Z,12540658,0.17600000,316.10000000,buy,2022-05-15 20:13:34.729621+00:00
2022-05-15T20:13:33.129258Z,12540657,0.17670000,316.10000000,buy,2022-05-15 20:13:33.129258+00:00
2022-05-15T20:13:30.622527Z,12540656,0.17680000,459.80000000,sell,2022-05-15 20:13:30.622527+00:00
2022-05-15T20:13:30.17009Z,12540655,0.17670000,1440.00000000,sell,2022-05-15 20:13:30.170090+00:00
2022-05-15T20:13:25.321785Z,12540654,0.17630000,316.10000000,sell,2022-05-15 20:13:25.321785+00:00
2022-05-15T20:13:25.213839Z,12540653,0.17650000,200.00000000,sell,2022-05-15 20:13:25.213839+00:00
2022-05-15T20:13:24.819464Z,12540652,0.17560000,1440.00000000,sell,2022-05-15 20:13:24.819464+00:00
2022-05-15T20:13:24.793499Z,12540651,0.17560000,1440.00000000,sell,2022-05-15 20:13:24.793499+00:00
2022-05-15T20:13:24.726888Z,12540650,0.17600000,316.10000000,buy,2022-05-15 20:13:24.726888+00:00
2022-05-15T20:13:24.197092Z,12540649,0.17590000,316.10000000,buy,2022-05-15 20:13:24.197092+00:00
2022-05-15T20:13:23.166861Z,12540648,0.17580000,1440.00000000,buy,2022-05-15 20:13:23.166861+00:00
2022-05-15T20:13:23.136074Z,12540647,0.17610000,316.10000000,buy,2022-05-15 20:13:23.136074+00:00
2022-05-15T20:13:21.181372Z,12540646,0.17690000,316.10000000,buy,2022-05-15 20:13:21.181372+00:00
2022-05-15T20:13:17.684449Z,12540645,0.17700000,459.80000000,sell,2022-05-15 20:13:17.684449+00:00
2022-05-15T20:13:17.511555Z,12540644,0.17660000,316.10000000,buy,2022-05-15 20:13:17.511555+00:00
2022-05-15T20:13:03.116909Z,12540643,0.17650000,2.80000000,sell,2022-05-15 20:13:03.116909+00:00
2022-05-15T20:13:03.116909Z,12540642,0.17650000,17910.50000000,sell,2022-05-15 20:13:03.116909+00:00
2022-05-15T20:13:02.566444Z,12540641,0.17650000,9103.40000000,sell,2022-05-15 20:13:02.566444+00:00
2022-05-15T20:12:58.536718Z,12540640,0.17630000,3160.60000000,sell,2022-05-15 20:12:58.536718+00:00
2022-05-15T20:12:58.536718Z,12540639,0.17630000,56.40000000,sell,2022-05-15 20:12:58.536718+00:00
2022-05-15T20:12:58.536718Z,12540638,0.17610000,316.10000000,sell,2022-05-15 20:12:58.536718+00:00
2022-05-15T20:12:58.147747Z,12540637,0.17600000,316.10000000,sell,2022-05-15 20:12:58.147747+00:00
2022-05-15T20:12:57.857161Z,12540636,0.17600000,3116.40000000,sell,2022-05-15 20:12:57.857161+00:00
2022-05-15T20:12:56.640683Z,12540635,0.17590000,316.10000000,sell,2022-05-15 20:12:56.640683+00:00
2022-05-15T20:12:56.606197Z,12540634,0.17580000,200.00000000,buy,2022-05-15 20:12:56.606197+00:00
2022-05-15T20:12:56.606197Z,12540633,0.17580000,459.80000000,buy,2022-05-15 20:12:56.606197+00:00
2022-05-15T20:12:55.115842Z,12540632,0.17580000,200.00000000,buy,2022-05-15 20:12:55.115842+00:00
2022-05-15T20:12:55.115842Z,12540631,0.17590000,459.80000000,buy,2022-05-15 20:12:55.115842+00:00
2022-05-15T20:12:54.885187Z,12540630,0.17590000,300.00000000,buy,2022-05-15 20:12:54.885187+00:00
2022-05-15T20:12:54.11594Z,12540629,0.17570000,400.00000000,buy,2022-05-15 20:12:54.115940+00:00
2022-05-15T20:12:54.11594Z,12540628,0.17580000,400.00000000,buy,2022-05-15 20:12:54.115940+00:00
2022-05-15T20:12:54.11594Z,12540627,0.17590000,300.00000000,buy,2022-05-15 20:12:54.115940+00:00
2022-05-15T20:12:54.11594Z,12540626,0.17590000,459.80000000,buy,2022-05-15 20:12:54.115940+00:00
2022-05-15T20:12:51.339302Z,12540625,0.17570000,316.10000000,sell,2022-05-15 20:12:51.339302+00:00
2022-05-15T20:12:44.438467Z,12540624,0.17520000,2844.50000000,sell,2022-05-15 20:12:44.438467+00:00
2022-05-15T20:12:44.438467Z,12540623,0.17510000,316.10000000,sell,2022-05-15 20:12:44.438467+00:00
2022-05-15T20:12:44.406239Z,12540622,0.17510000,316.10000000,sell,2022-05-15 20:12:44.406239+00:00
2022-05-15T20:12:39.855727Z,12540621,0.17500000,316.10000000,sell,2022-05-15 20:12:39.855727+00:00
2022-05-15T20:12:37.980832Z,12540620,0.17480000,316.10000000,buy,2022-05-15 20:12:37.980832+00:00
2022-05-15T20:12:37.609185Z,12540619,0.17520000,316.10000000,buy,2022-05-15 20:12:37.609185+00:00
2022-05-15T20:12:36.592729Z,12540618,0.17540000,316.10000000,buy,2022-05-15 20:12:36.592729+00:00
2022-05-15T20:12:36.592729Z,12540617,0.17540000,1425.40000000,buy,2022-05-15 20:12:36.592729+00:00
2022-05-15T20:12:36.155902Z,12540616,0.17540000,5.60000000,buy,2022-05-15 20:12:36.155902+00:00
2022-05-15T20:12:34.60613Z,12540615,0.17540000,9.00000000,buy,2022-05-15 20:12:34.606130+00:00
2022-05-15T20:12:30.520115Z,12540614,0.17560000,38.70000000,sell,2022-05-15 20:12:30.520115+00:00
2022-05-15T20:12:30.444111Z,12540613,0.17560000,277.40000000,sell,2022-05-15 20:12:30.444111+00:00
2022-05-15T20:12:29.843423Z,12540612,0.17550000,3160.60000000,sell,2022-05-15 20:12:29.843423+00:00
2022-05-15T20:12:29.843423Z,12540611,0.17550000,316.10000000,sell,2022-05-15 20:12:29.843423+00:00
2022-05-15T20:12:17.511395Z,12540610,0.17530000,316.10000000,sell,2022-05-15 20:12:17.511395+00:00
2022-05-15T20:11:57.402852Z,12540609,0.17520000,1440.00000000,buy,2022-05-15 20:11:57.402852+00:00
2022-05-15T20:11:34.825599Z,12540608,0.17540000,316.10000000,sell,2022-05-15 20:11:34.825599+00:00
2022-05-15T20:11:34.601178Z,12540607,0.17520000,6.00000000,sell,2022-05-15 20:11:34.601178+00:00
2022-05-15T20:11:34.601178Z,12540606,0.17520000,3160.60000000,sell,2022-05-15 20:11:34.601178+00:00
2022-05-15T20:11:34.601178Z,12540605,0.17520000,270.60000000,sell,2022-05-15 20:11:34.601178+00:00
2022-05-15T20:11:26.249845Z,12540604,0.17520000,45.50000000,sell,2022-05-15 20:11:26.249845+00:00
2022-05-15T20:11:15.6114Z,12540603,0.17500000,1440.00000000,buy,2022-05-15 20:11:15.611400+00:00
2022-05-15T20:11:08.524191Z,12540602,0.17500000,316.10000000,sell,2022-05-15 20:11:08.524191+00:00
2022-05-15T20:11:08.48823Z,12540601,0.17510000,316.10000000,sell,2022-05-15 20:11:08.488230+00:00
2022-05-15T20:11:08.484468Z,12540600,0.17510000,2844.50000000,sell,2022-05-15 20:11:08.484468+00:00
2022-05-15T20:11:08.484468Z,12540599,0.17500000,316.10000000,sell,2022-05-15 20:11:08.484468+00:00
2022-05-15T20:11:07.231601Z,12540598,0.17500000,3.00000000,sell,2022-05-15 20:11:07.231601+00:00
2022-05-15T20:11:07.231601Z,12540597,0.17500000,316.10000000,sell,2022-05-15 20:11:07.231601+00:00
2022-05-15T20:10:59.575567Z,12540596,0.17480000,9.00000000,buy,2022-05-15 20:10:59.575567+00:00
2022-05-15T20:10:55.019338Z,12540595,0.17490000,1440.00000000,buy,2022-05-15 20:10:55.019338+00:00
2022-05-15T20:10:54.015383Z,12540594,0.17510000,2.90000000,sell,2022-05-15 20:10:54.015383+00:00
2022-05-15T20:10:52.156626Z,12540593,0.17510000,5760.00000000,sell,2022-05-15 20:10:52.156626+00:00
2022-05-15T20:10:52.147348Z,12540592,0.17500000,10834.30000000,sell,2022-05-15 20:10:52.147348+00:00
2022-05-15T20:10:52.042676Z,12540591,0.17460000,4529.00000000,sell,2022-05-15 20:10:52.042676+00:00
2022-05-15T20:10:51.918743Z,12540590,0.17460000,316.10000000,sell,2022-05-15 20:10:51.918743+00:00
2022-05-15T20:10:51.471636Z,12540589,0.17460000,316.10000000,sell,2022-05-15 20:10:51.471636+00:00
2022-05-15T20:10:51.426577Z,12540588,0.17450000,3160.60000000,sell,2022-05-15 20:10:51.426577+00:00
2022-05-15T20:10:51.421661Z,12540587,0.17440000,316.10000000,sell,2022-05-15 20:10:51.421661+00:00
2022-05-15T20:10:51.403149Z,12540586,0.17440000,316.10000000,sell,2022-05-15 20:10:51.403149+00:00
2022-05-15T20:10:50.771324Z,12540585,0.17440000,316.10000000,sell,2022-05-15 20:10:50.771324+00:00
2022-05-15T20:10:44.711487Z,12540584,0.17440000,1440.00000000,sell,2022-05-15 20:10:44.711487+00:00
2022-05-15T20:10:44.711487Z,12540583,0.17440000,289.00000000,sell,2022-05-15 20:10:44.711487+00:00
2022-05-15T20:10:31.5566Z,12540582,0.17440000,27.10000000,sell,2022-05-15 20:10:31.556600+00:00
2022-05-15T20:10:17.758279Z,12540581,0.17410000,5.20000000,buy,2022-05-15 20:10:17.758279+00:00
2022-05-15T20:09:45.893703Z,12540580,0.17410000,4.40000000,buy,2022-05-15 20:09:45.893703+00:00
2022-05-15T20:09:45.7871Z,12540579,0.17410000,4.10000000,buy,2022-05-15 20:09:45.787100+00:00
2022-05-15T20:09:25.853018Z,12540578,0.17410000,2896.60000000,buy,2022-05-15 20:09:25.853018+00:00
2022-05-15T20:09:25.853018Z,12540577,0.17420000,459.80000000,buy,2022-05-15 20:09:25.853018+00:00
2022-05-15T20:09:25.853018Z,12540576,0.17430000,1440.00000000,buy,2022-05-15 20:09:25.853018+00:00
2022-05-15T20:09:24.100467Z,12540575,0.17440000,316.10000000,sell,2022-05-15 20:09:24.100467+00:00
2022-05-15T20:09:24.051056Z,12540574,0.17440000,3160.60000000,sell,2022-05-15 20:09:24.051056+00:00
2022-05-15T20:09:24.01237Z,12540573,0.17430000,316.10000000,sell,2022-05-15 20:09:24.012370+00:00
2022-05-15T20:09:20.047344Z,12540572,0.17420000,316.10000000,buy,2022-05-15 20:09:20.047344+00:00
2022-05-15T20:09:08.041541Z,12540571,0.17460000,316.10000000,sell,2022-05-15 20:09:08.041541+00:00
2022-05-15T20:09:07.920926Z,12540570,0.17450000,1440.00000000,buy,2022-05-15 20:09:07.920926+00:00
2022-05-15T20:09:07.84979Z,12540569,0.17430000,1219.00000000,sell,2022-05-15 20:09:07.849790+00:00
2022-05-15T20:09:07.849653Z,12540568,0.17430000,1941.60000000,sell,2022-05-15 20:09:07.849653+00:00
2022-05-15T20:09:07.826914Z,12540567,0.17420000,316.10000000,sell,2022-05-15 20:09:07.826914+00:00
2022-05-15T20:09:07.826914Z,12540566,0.17420000,4262.20000000,sell,2022-05-15 20:09:07.826914+00:00
2022-05-15T20:09:03.573685Z,12540565,0.17410000,4.00000000,buy,2022-05-15 20:09:03.573685+00:00
2022-05-15T20:08:56.380062Z,12540564,0.17420000,22.90000000,sell,2022-05-15 20:08:56.380062+00:00
2022-05-15T20:08:51.912832Z,12540563,0.17420000,243.90000000,sell,2022-05-15 20:08:51.912832+00:00
2022-05-15T20:08:51.912832Z,12540562,0.17420000,1440.00000000,sell,2022-05-15 20:08:51.912832+00:00
2022-05-15T20:08:51.912832Z,12540561,0.17420000,316.10000000,sell,2022-05-15 20:08:51.912832+00:00
2022-05-15T20:07:58.409675Z,12540560,0.17410000,174.10000000,buy,2022-05-15 20:07:58.409675+00:00
2022-05-15T20:07:57.625372Z,12540559,0.17430000,3233.90000000,sell,2022-05-15 20:07:57.625372+00:00
2022-05-15T20:07:57.625372Z,12540558,0.17430000,3160.60000000,sell,2022-05-15 20:07:57.625372+00:00
2022-05-15T20:07:57.625372Z,12540557,0.17420000,1440.00000000,sell,2022-05-15 20:07:57.625372+00:00
2022-05-15T20:07:57.625372Z,12540556,0.17420000,316.10000000,sell,2022-05-15 20:07:57.625372+00:00
2022-05-15T20:07:57.625372Z,12540555,0.17420000,3100.30000000,sell,2022-05-15 20:07:57.625372+00:00
2022-05-15T20:07:31.783763Z,12540554,0.17410000,3.00000000,buy,2022-05-15 20:07:31.783763+00:00
2022-05-15T20:07:19.801977Z,12540553,0.17410000,5.80000000,buy,2022-05-15 20:07:19.801977+00:00
2022-05-15T20:07:18.16337Z,12540552,0.17420000,26.70000000,sell,2022-05-15 20:07:18.163370+00:00
2022-05-15T20:07:17.913831Z,12540551,0.17410000,7.40000000,buy,2022-05-15 20:07:17.913831+00:00
2022-05-15T20:07:13.186189Z,12540550,0.17410000,5571.00000000,buy,2022-05-15 20:07:13.186189+00:00
2022-05-15T20:07:13.032951Z,12540549,0.17410000,5088.60000000,buy,2022-05-15 20:07:13.032951+00:00
2022-05-15T20:07:12.899001Z,12540548,0.17410000,4850.00000000,buy,2022-05-15 20:07:12.899001+00:00
2022-05-15T20:07:12.789265Z,12540547,0.17410000,5627.50000000,buy,2022-05-15 20:07:12.789265+00:00
2022-05-15T20:07:12.687219Z,12540546,0.17410000,5161.80000000,buy,2022-05-15 20:07:12.687219+00:00
2022-05-15T20:07:12.551976Z,12540545,0.17410000,5133.90000000,buy,2022-05-15 20:07:12.551976+00:00
2022-05-15T20:07:11.18767Z,12540544,0.17420000,6.30000000,sell,2022-05-15 20:07:11.187670+00:00
2022-05-15T20:06:48.763025Z,12540543,0.17410000,14.40000000,buy,2022-05-15 20:06:48.763025+00:00
2022-05-15T20:06:32.364228Z,12540542,0.17420000,105.70000000,sell,2022-05-15 20:06:32.364228+00:00
2022-05-15T20:06:26.122143Z,12540541,0.17410000,58.30000000,buy,2022-05-15 20:06:26.122143+00:00
2022-05-15T20:06:25.832285Z,12540540,0.17410000,75.90000000,buy,2022-05-15 20:06:25.832285+00:00
2022-05-15T20:06:25.68211Z,12540539,0.17410000,31.20000000,buy,2022-05-15 20:06:25.682110+00:00
2022-05-15T20:06:25.666905Z,12540538,0.17410000,30.10000000,buy,2022-05-15 20:06:25.666905+00:00
2022-05-15T20:06:25.644572Z,12540537,0.17410000,2.00000000,buy,2022-05-15 20:06:25.644572+00:00
2022-05-15T20:06:25.623561Z,12540536,0.17410000,52.10000000,buy,2022-05-15 20:06:25.623561+00:00
2022-05-15T20:06:25.604047Z,12540535,0.17410000,7.40000000,buy,2022-05-15 20:06:25.604047+00:00
2022-05-15T20:06:25.585561Z,12540534,0.17410000,36.00000000,buy,2022-05-15 20:06:25.585561+00:00
2022-05-15T20:06:25.578291Z,12540533,0.17410000,4.50000000,buy,2022-05-15 20:06:25.578291+00:00
2022-05-15T20:06:25.572063Z,12540532,0.17410000,64.70000000,buy,2022-05-15 20:06:25.572063+00:00
2022-05-15T20:06:25.565344Z,12540531,0.17410000,22.40000000,buy,2022-05-15 20:06:25.565344+00:00
2022-05-15T20:06:25.561691Z,12540530,0.17410000,13.70000000,buy,2022-05-15 20:06:25.561691+00:00
2022-05-15T20:06:25.546191Z,12540529,0.17410000,101.70000000,buy,2022-05-15 20:06:25.546191+00:00
2022-05-15T20:06:25.394707Z,12540528,0.17410000,13.50000000,buy,2022-05-15 20:06:25.394707+00:00
2022-05-15T20:06:25.297309Z,12540527,0.17410000,10.50000000,buy,2022-05-15 20:06:25.297309+00:00
2022-05-15T20:06:25.128338Z,12540526,0.17410000,20.30000000,buy,2022-05-15 20:06:25.128338+00:00
2022-05-15T20:06:24.042341Z,12540525,0.17410000,20.00000000,buy,2022-05-15 20:06:24.042341+00:00
2022-05-15T20:06:24.023267Z,12540524,0.17410000,55.40000000,buy,2022-05-15 20:06:24.023267+00:00
2022-05-15T20:06:23.772682Z,12540523,0.17410000,22.70000000,buy,2022-05-15 20:06:23.772682+00:00
2022-05-15T20:06:23.755116Z,12540522,0.17410000,8.90000000,buy,2022-05-15 20:06:23.755116+00:00
2022-05-15T20:06:23.734241Z,12540521,0.17410000,207.30000000,buy,2022-05-15 20:06:23.734241+00:00
2022-05-15T20:06:23.443153Z,12540520,0.17410000,3.70000000,buy,2022-05-15 20:06:23.443153+00:00
2022-05-15T20:06:23.424539Z,12540519,0.17410000,11.00000000,buy,2022-05-15 20:06:23.424539+00:00
2022-05-15T20:06:23.394113Z,12540518,0.17410000,26.50000000,buy,2022-05-15 20:06:23.394113+00:00
2022-05-15T20:06:23.39048Z,12540517,0.17410000,135.40000000,buy,2022-05-15 20:06:23.390480+00:00
2022-05-15T20:06:23.370988Z,12540516,0.17410000,39.40000000,buy,2022-05-15 20:06:23.370988+00:00
2022-05-15T20:06:23.351125Z,12540515,0.17410000,11.40000000,buy,2022-05-15 20:06:23.351125+00:00
2022-05-15T20:06:23.332018Z,12540514,0.17410000,45.80000000,buy,2022-05-15 20:06:23.332018+00:00
2022-05-15T20:06:23.314386Z,12540513,0.17410000,94.40000000,buy,2022-05-15 20:06:23.314386+00:00
2022-05-15T20:06:23.244796Z,12540512,0.17410000,62.30000000,buy,2022-05-15 20:06:23.244796+00:00
2022-05-15T20:06:23.234974Z,12540511,0.17410000,26.70000000,buy,2022-05-15 20:06:23.234974+00:00
2022-05-15T20:06:23.22495Z,12540510,0.17410000,2.20000000,buy,2022-05-15 20:06:23.224950+00:00
2022-05-15T20:06:23.217749Z,12540509,0.17410000,8566.50000000,buy,2022-05-15 20:06:23.217749+00:00
2022-05-15T20:06:23.211347Z,12540508,0.17410000,116.00000000,buy,2022-05-15 20:06:23.211347+00:00
2022-05-15T20:06:23.13452Z,12540507,0.17410000,80.00000000,buy,2022-05-15 20:06:23.134520+00:00
2022-05-15T20:06:23.115166Z,12540506,0.17410000,33.20000000,buy,2022-05-15 20:06:23.115166+00:00
2022-05-15T20:06:23.094245Z,12540505,0.17410000,22.30000000,buy,2022-05-15 20:06:23.094245+00:00
2022-05-15T20:06:23.078476Z,12540504,0.17410000,8.50000000,buy,2022-05-15 20:06:23.078476+00:00
2022-05-15T20:06:23.074819Z,12540503,0.17410000,12.70000000,buy,2022-05-15 20:06:23.074819+00:00
2022-05-15T20:06:23.056257Z,12540502,0.17410000,4026.70000000,buy,2022-05-15 20:06:23.056257+00:00
2022-05-15T20:06:17.890453Z,12540501,0.17410000,39.70000000,buy,2022-05-15 20:06:17.890453+00:00
2022-05-15T20:06:17.450557Z,12540500,0.17410000,8.90000000,buy,2022-05-15 20:06:17.450557+00:00
2022-05-15T20:06:17.431867Z,12540499,0.17410000,4.80000000,buy,2022-05-15 20:06:17.431867+00:00
2022-05-15T20:06:17.367718Z,12540498,0.17410000,481.00000000,buy,2022-05-15 20:06:17.367718+00:00
2022-05-15T20:06:14.903652Z,12540497,0.17410000,368.70000000,buy,2022-05-15 20:06:14.903652+00:00
2022-05-15T20:06:13.990988Z,12540496,0.17410000,2000.00000000,buy,2022-05-15 20:06:13.990988+00:00
2022-05-15T20:06:03.892204Z,12540495,0.17470000,533.60000000,sell,2022-05-15 20:06:03.892204+00:00
2022-05-15T20:06:03.892204Z,12540494,0.17460000,316.10000000,sell,2022-05-15 20:06:03.892204+00:00
2022-05-15T20:06:03.892204Z,12540493,0.17450000,1440.00000000,sell,2022-05-15 20:06:03.892204+00:00
2022-05-15T20:06:00.590715Z,12540492,0.17450000,316.10000000,sell,2022-05-15 20:06:00.590715+00:00
2022-05-15T20:06:00.553616Z,12540491,0.17450000,316.10000000,sell,2022-05-15 20:06:00.553616+00:00
2022-05-15T20:06:00.522417Z,12540490,0.17450000,316.10000000,sell,2022-05-15 20:06:00.522417+00:00
2022-05-15T20:06:00.522417Z,12540489,0.17450000,1430.00000000,sell,2022-05-15 20:06:00.522417+00:00
2022-05-15T20:05:59.857893Z,12540488,0.17450000,10.00000000,sell,2022-05-15 20:05:59.857893+00:00
2022-05-15T20:05:57.723751Z,12540487,0.17440000,429.00000000,sell,2022-05-15 20:05:57.723751+00:00
2022-05-15T20:05:57.723751Z,12540486,0.17440000,316.10000000,sell,2022-05-15 20:05:57.723751+00:00
2022-05-15T20:05:55.005211Z,12540485,0.17410000,453.40000000,buy,2022-05-15 20:05:55.005211+00:00
2022-05-15T20:05:55.002418Z,12540484,0.17410000,102.70000000,buy,2022-05-15 20:05:55.002418+00:00
2022-05-15T20:05:54.99559Z,12540483,0.17410000,5760.00000000,buy,2022-05-15 20:05:54.995590+00:00
2022-05-15T20:05:54.987681Z,12540482,0.17410000,1.10000000,buy,2022-05-15 20:05:54.987681+00:00
2022-05-15T20:05:54.980309Z,12540481,0.17410000,5760.00000000,buy,2022-05-15 20:05:54.980309+00:00
2022-05-15T20:05:54.965898Z,12540480,0.17410000,5760.00000000,buy,2022-05-15 20:05:54.965898+00:00
2022-05-15T20:05:54.950296Z,12540479,0.17410000,5485.40000000,buy,2022-05-15 20:05:54.950296+00:00
2022-05-15T20:05:54.949984Z,12540478,0.17420000,316.10000000,buy,2022-05-15 20:05:54.949984+00:00
2022-05-15T20:05:54.479886Z,12540477,0.17420000,316.10000000,buy,2022-05-15 20:05:54.479886+00:00
2022-05-15T20:05:54.23182Z,12540476,0.17420000,3160.60000000,buy,2022-05-15 20:05:54.231820+00:00
2022-05-15T20:05:54.055527Z,12540475,0.17430000,316.10000000,buy,2022-05-15 20:05:54.055527+00:00
2022-05-15T20:05:47.690139Z,12540474,0.17440000,316.10000000,buy,2022-05-15 20:05:47.690139+00:00
2022-05-15T20:05:40.940761Z,12540473,0.17450000,1440.00000000,sell,2022-05-15 20:05:40.940761+00:00
2022-05-15T20:05:21.101536Z,12540472,0.17410000,300.00000000,buy,2022-05-15 20:05:21.101536+00:00
2022-05-15T20:05:14.007112Z,12540471,0.17430000,28.50000000,sell,2022-05-15 20:05:14.007112+00:00
2022-05-15T20:05:11.241156Z,12540470,0.17410000,3.90000000,buy,2022-05-15 20:05:11.241156+00:00
2022-05-15T20:05:08.257196Z,12540469,0.17460000,316.10000000,buy,2022-05-15 20:05:08.257196+00:00
2022-05-15T20:05:08.241714Z,12540468,0.17460000,1905.50000000,buy,2022-05-15 20:05:08.241714+00:00
2022-05-15T20:05:08.238071Z,12540467,0.17460000,1255.10000000,buy,2022-05-15 20:05:08.238071+00:00
2022-05-15T20:05:08.063285Z,12540466,0.17470000,316.10000000,buy,2022-05-15 20:05:08.063285+00:00
2022-05-15T20:05:03.420348Z,12540465,0.17470000,316.10000000,buy,2022-05-15 20:05:03.420348+00:00
2022-05-15T20:04:45.932657Z,12540464,0.17520000,109.50000000,sell,2022-05-15 20:04:45.932657+00:00
2022-05-15T20:04:39.345223Z,12540463,0.17510000,316.10000000,sell,2022-05-15 20:04:39.345223+00:00
2022-05-15T20:04:39.322698Z,12540462,0.17510000,3160.60000000,sell,2022-05-15 20:04:39.322698+00:00
2022-05-15T20:04:39.295833Z,12540461,0.17500000,316.10000000,sell,2022-05-15 20:04:39.295833+00:00
2022-05-15T20:04:33.829084Z,12540460,0.17480000,53.40000000,sell,2022-05-15 20:04:33.829084+00:00
2022-05-15T20:04:33.434263Z,12540459,0.17460000,4.00000000,buy,2022-05-15 20:04:33.434263+00:00
2022-05-15T20:04:30.083055Z,12540458,0.17470000,316.10000000,sell,2022-05-15 20:04:30.083055+00:00
2022-05-15T20:04:18.32101Z,12540457,0.17460000,316.10000000,sell,2022-05-15 20:04:18.321010+00:00
2022-05-15T20:03:24.036887Z,12540456,0.17410000,3.50000000,buy,2022-05-15 20:03:24.036887+00:00
2022-05-15T20:03:12.643668Z,12540455,0.17410000,316.10000000,buy,2022-05-15 20:03:12.643668+00:00
2022-05-15T20:03:12.373279Z,12540454,0.17410000,316.10000000,buy,2022-05-15 20:03:12.373279+00:00
2022-05-15T20:03:12.104357Z,12540453,0.17410000,316.10000000,buy,2022-05-15 20:03:12.104357+00:00
2022-05-15T20:03:11.833215Z,12540452,0.17410000,3.00000000,buy,2022-05-15 20:03:11.833215+00:00
2022-05-15T20:03:11.833215Z,12540451,0.17410000,191.60000000,buy,2022-05-15 20:03:11.833215+00:00
2022-05-15T20:03:04.301098Z,12540450,0.17410000,121.00000000,buy,2022-05-15 20:03:04.301098+00:00
2022-05-15T20:02:36.648901Z,12540449,0.17410000,3.50000000,buy,2022-05-15 20:02:36.648901+00:00
2022-05-15T20:02:25.88534Z,12540448,0.17420000,316.10000000,buy,2022-05-15 20:02:25.885340+00:00
2022-05-15T20:02:21.539854Z,12540447,0.17420000,316.10000000,buy,2022-05-15 20:02:21.539854+00:00
2022-05-15T20:02:21.503483Z,12540446,0.17420000,316.10000000,buy,2022-05-15 20:02:21.503483+00:00
2022-05-15T20:02:21.463762Z,12540445,0.17420000,316.10000000,buy,2022-05-15 20:02:21.463762+00:00
2022-05-15T20:02:18.824078Z,12540444,0.17430000,316.10000000,buy,2022-05-15 20:02:18.824078+00:00
2022-05-15T20:02:17.050487Z,12540443,0.17430000,4529.00000000,buy,2022-05-15 20:02:17.050487+00:00
2022-05-15T20:02:17.050487Z,12540442,0.17430000,184.30000000,buy,2022-05-15 20:02:17.050487+00:00
2022-05-15T20:02:09.151105Z,12540441,0.17430000,131.80000000,buy,2022-05-15 20:02:09.151105+00:00
2022-05-15T20:02:07.792812Z,12540440,0.17450000,316.10000000,buy,2022-05-15 20:02:07.792812+00:00
2022-05-15T20:02:07.529353Z,12540439,0.17450000,212.10000000,buy,2022-05-15 20:02:07.529353+00:00
2022-05-15T20:02:07.506835Z,12540438,0.17450000,33.10000000,buy,2022-05-15 20:02:07.506835+00:00
2022-05-15T20:02:07.500532Z,12540437,0.17450000,65.70000000,buy,2022-05-15 20:02:07.500532+00:00
2022-05-15T20:02:03.093901Z,12540436,0.17450000,5.20000000,buy,2022-05-15 20:02:03.093901+00:00
2022-05-15T20:01:39.664887Z,12540435,0.17460000,316.10000000,buy,2022-05-15 20:01:39.664887+00:00
2022-05-15T20:01:39.625136Z,12540434,0.17460000,316.10000000,buy,2022-05-15 20:01:39.625136+00:00
2022-05-15T20:01:39.378887Z,12540433,0.17460000,316.10000000,buy,2022-05-15 20:01:39.378887+00:00
2022-05-15T20:01:11.787154Z,12540432,0.17480000,316.10000000,buy,2022-05-15 20:01:11.787154+00:00
2022-05-15T20:01:11.633896Z,12540431,0.17510000,316.10000000,buy,2022-05-15 20:01:11.633896+00:00
2022-05-15T20:01:11.613583Z,12540430,0.17500000,816.30000000,buy,2022-05-15 20:01:11.613583+00:00
2022-05-15T20:01:11.606785Z,12540429,0.17500000,2240.80000000,buy,2022-05-15 20:01:11.606785+00:00
2022-05-15T20:01:11.597637Z,12540428,0.17500000,103.50000000,buy,2022-05-15 20:01:11.597637+00:00
2022-05-15T20:01:11.597217Z,12540427,0.17510000,316.10000000,buy,2022-05-15 20:01:11.597217+00:00
2022-05-15T20:01:11.566057Z,12540426,0.17510000,316.10000000,buy,2022-05-15 20:01:11.566057+00:00
2022-05-15T20:00:42.71841Z,12540425,0.17510000,316.10000000,buy,2022-05-15 20:00:42.718410+00:00
2022-05-15T20:00:42.671715Z,12540424,0.17510000,315.00000000,buy,2022-05-15 20:00:42.671715+00:00
2022-05-15T20:00:38.1338Z,12540423,0.17510000,1.10000000,buy,2022-05-15 20:00:38.133800+00:00
2022-05-15T20:00:27.679016Z,12540422,0.17530000,4.10000000,buy,2022-05-15 20:00:27.679016+00:00
2022-05-15T20:00:20.135341Z,12540421,0.17530000,5.00000000,buy,2022-05-15 20:00:20.135341+00:00
2022-05-15T20:00:07.224469Z,12540420,0.17550000,316.10000000,buy,2022-05-15 20:00:07.224469+00:00
2022-05-15T20:00:03.045217Z,12540419,0.17520000,316.10000000,sell,2022-05-15 20:00:03.045217+00:00
2022-05-15T20:00:03.045217Z,12540418,0.17520000,1440.00000000,sell,2022-05-15 20:00:03.045217+00:00
2022-05-15T19:59:47.419563Z,12540417,0.17500000,316.10000000,buy,2022-05-15 19:59:47.419563+00:00
2022-05-15T19:59:30.469771Z,12540416,0.17530000,316.10000000,buy,2022-05-15 19:59:30.469771+00:00
2022-05-15T19:59:30.469771Z,12540415,0.17530000,1440.00000000,buy,2022-05-15 19:59:30.469771+00:00
2022-05-15T19:59:28.272374Z,12540414,0.17560000,316.10000000,sell,2022-05-15 19:59:28.272374+00:00
2022-05-15T19:59:28.272374Z,12540413,0.17560000,1440.00000000,sell,2022-05-15 19:59:28.272374+00:00
2022-05-15T19:59:20.077124Z,12540412,0.17530000,316.10000000,sell,2022-05-15 19:59:20.077124+00:00
2022-05-15T19:59:19.993881Z,12540411,0.17510000,316.10000000,sell,2022-05-15 19:59:19.993881+00:00
2022-05-15T19:59:08.631291Z,12540410,0.17470000,316.10000000,buy,2022-05-15 19:59:08.631291+00:00
2022-05-15T19:59:06.533895Z,12540409,0.17490000,316.10000000,buy,2022-05-15 19:59:06.533895+00:00
2022-05-15T19:59:05.599093Z,12540408,0.17500000,316.10000000,buy,2022-05-15 19:59:05.599093+00:00
2022-05-15T19:59:04.073076Z,12540407,0.17530000,316.10000000,buy,2022-05-15 19:59:04.073076+00:00
2022-05-15T19:59:03.499742Z,12540406,0.17550000,1440.00000000,sell,2022-05-15 19:59:03.499742+00:00
2022-05-15T19:59:02.50341Z,12540405,0.17520000,2600.60000000,sell,2022-05-15 19:59:02.503410+00:00
2022-05-15T19:59:02.499172Z,12540404,0.17520000,560.00000000,sell,2022-05-15 19:59:02.499172+00:00
2022-05-15T19:59:02.499172Z,12540403,0.17520000,1440.00000000,sell,2022-05-15 19:59:02.499172+00:00
2022-05-15T19:59:02.482505Z,12540402,0.17510000,316.10000000,sell,2022-05-15 19:59:02.482505+00:00
2022-05-15T19:59:01.268552Z,12540401,0.17490000,1440.00000000,sell,2022-05-15 19:59:01.268552+00:00
2022-05-15T19:58:58.475257Z,12540400,0.17480000,4.00000000,sell,2022-05-15 19:58:58.475257+00:00
2022-05-15T19:58:57.164513Z,12540399,0.17460000,316.10000000,buy,2022-05-15 19:58:57.164513+00:00
2022-05-15T19:58:57.164513Z,12540398,0.17460000,1440.00000000,buy,2022-05-15 19:58:57.164513+00:00
2022-05-15T19:58:55.185883Z,12540397,0.17480000,3160.60000000,buy,2022-05-15 19:58:55.185883+00:00
2022-05-15T19:58:55.175112Z,12540396,0.17490000,316.10000000,buy,2022-05-15 19:58:55.175112+00:00
2022-05-15T19:58:55.10323Z,12540395,0.17490000,316.10000000,buy,2022-05-15 19:58:55.103230+00:00
2022-05-15T19:58:55.10323Z,12540394,0.17490000,1440.00000000,buy,2022-05-15 19:58:55.103230+00:00
2022-05-15T19:58:51.830329Z,12540393,0.17520000,300.00000000,buy,2022-05-15 19:58:51.830329+00:00
2022-05-15T19:58:51.819922Z,12540392,0.17530000,316.10000000,buy,2022-05-15 19:58:51.819922+00:00
2022-05-15T19:58:51.819922Z,12540391,0.17530000,400.00000000,buy,2022-05-15 19:58:51.819922+00:00
2022-05-15T19:58:51.817814Z,12540390,0.17540000,300.00000000,buy,2022-05-15 19:58:51.817814+00:00
2022-05-15T19:58:51.217996Z,12540389,0.17530000,316.10000000,buy,2022-05-15 19:58:51.217996+00:00
2022-05-15T19:58:51.167378Z,12540388,0.17530000,300.00000000,buy,2022-05-15 19:58:51.167378+00:00
2022-05-15T19:58:51.080763Z,12540387,0.17550000,320.10000000,buy,2022-05-15 19:58:51.080763+00:00
2022-05-15T19:58:50.6686Z,12540386,0.17520000,316.10000000,sell,2022-05-15 19:58:50.668600+00:00
2022-05-15T19:58:48.464757Z,12540385,0.17500000,316.10000000,sell,2022-05-15 19:58:48.464757+00:00
2022-05-15T19:58:48.186671Z,12540384,0.17480000,316.10000000,sell,2022-05-15 19:58:48.186671+00:00
2022-05-15T19:58:25.317225Z,12540383,0.17440000,316.10000000,sell,2022-05-15 19:58:25.317225+00:00
2022-05-15T19:58:20.631927Z,12540382,0.17410000,3.00000000,buy,2022-05-15 19:58:20.631927+00:00
2022-05-15T19:58:11.153039Z,12540381,0.17400000,6.40000000,buy,2022-05-15 19:58:11.153039+00:00
2022-05-15T19:57:30.351284Z,12540380,0.17430000,316.10000000,sell,2022-05-15 19:57:30.351284+00:00
2022-05-15T19:57:30.264975Z,12540379,0.17420000,316.10000000,sell,2022-05-15 19:57:30.264975+00:00
2022-05-15T19:57:20.480331Z,12540378,0.17430000,380.40000000,sell,2022-05-15 19:57:20.480331+00:00
2022-05-15T19:57:20.480331Z,12540377,0.17420000,316.10000000,sell,2022-05-15 19:57:20.480331+00:00
2022-05-15T19:57:08.965796Z,12540376,0.17420000,316.10000000,sell,2022-05-15 19:57:08.965796+00:00
2022-05-15T19:57:07.312121Z,12540375,0.17390000,316.10000000,sell,2022-05-15 19:57:07.312121+00:00
2022-05-15T19:56:38.340518Z,12540374,0.17380000,1440.00000000,buy,2022-05-15 19:56:38.340518+00:00
2022-05-15T19:56:38.328995Z,12540373,0.17390000,316.10000000,buy,2022-05-15 19:56:38.328995+00:00
2022-05-15T19:56:27.38505Z,12540372,0.17400000,316.10000000,buy,2022-05-15 19:56:27.385050+00:00
2022-05-15T19:56:27.346992Z,12540371,0.17400000,316.10000000,buy,2022-05-15 19:56:27.346992+00:00
2022-05-15T19:56:27.346992Z,12540370,0.17400000,1440.00000000,buy,2022-05-15 19:56:27.346992+00:00
2022-05-15T19:56:18.183219Z,12540369,0.17400000,316.10000000,sell,2022-05-15 19:56:18.183219+00:00
2022-05-15T19:56:18.152701Z,12540368,0.17410000,6.00000000,sell,2022-05-15 19:56:18.152701+00:00
2022-05-15T19:56:01.170902Z,12540367,0.17350000,2.80000000,buy,2022-05-15 19:56:01.170902+00:00
2022-05-15T19:55:48.665177Z,12540366,0.17350000,3.70000000,buy,2022-05-15 19:55:48.665177+00:00
2022-05-15T19:55:26.960341Z,12540365,0.17350000,3.60000000,buy,2022-05-15 19:55:26.960341+00:00
2022-05-15T19:55:21.850255Z,12540364,0.17350000,6.00000000,buy,2022-05-15 19:55:21.850255+00:00
2022-05-15T19:54:58.178142Z,12540363,0.17350000,3.50000000,buy,2022-05-15 19:54:58.178142+00:00
2022-05-15T19:54:52.852514Z,12540362,0.17360000,316.10000000,buy,2022-05-15 19:54:52.852514+00:00
2022-05-15T19:54:52.852514Z,12540361,0.17360000,1440.00000000,buy,2022-05-15 19:54:52.852514+00:00
2022-05-15T19:54:06.929312Z,12540360,0.17340000,7.10000000,buy,2022-05-15 19:54:06.929312+00:00
2022-05-15T19:54:06.929312Z,12540359,0.17340000,9.00000000,buy,2022-05-15 19:54:06.929312+00:00
2022-05-15T19:54:05.870146Z,12540358,0.17370000,316.10000000,sell,2022-05-15 19:54:05.870146+00:00
2022-05-15T19:54:05.298919Z,12540357,0.17370000,316.10000000,sell,2022-05-15 19:54:05.298919+00:00
2022-05-15T19:54:05.140333Z,12540356,0.17370000,316.10000000,sell,2022-05-15 19:54:05.140333+00:00
2022-05-15T19:54:04.453686Z,12540355,0.17370000,40.90000000,sell,2022-05-15 19:54:04.453686+00:00
2022-05-15T19:54:01.561363Z,12540354,0.17370000,275.20000000,sell,2022-05-15 19:54:01.561363+00:00
2022-05-15T19:53:59.301908Z,12540353,0.17360000,316.10000000,sell,2022-05-15 19:53:59.301908+00:00
2022-05-15T19:53:42.216876Z,12540352,0.17360000,23.00000000,sell,2022-05-15 19:53:42.216876+00:00
2022-05-15T19:53:27.976211Z,12540351,0.17380000,51.60000000,sell,2022-05-15 19:53:27.976211+00:00
2022-05-15T19:53:13.713437Z,12540350,0.17350000,57.60000000,buy,2022-05-15 19:53:13.713437+00:00
2022-05-15T19:53:09.730626Z,12540349,0.17380000,274.90000000,sell,2022-05-15 19:53:09.730626+00:00
2022-05-15T19:52:40.406881Z,12540348,0.17360000,1440.00000000,buy,2022-05-15 19:52:40.406881+00:00
2022-05-15T19:52:40.240964Z,12540347,0.17380000,1440.00000000,sell,2022-05-15 19:52:40.240964+00:00
2022-05-15T19:52:29.481148Z,12540346,0.17360000,1431.70000000,buy,2022-05-15 19:52:29.481148+00:00
2022-05-15T19:52:01.167117Z,12540345,0.17360000,4.00000000,buy,2022-05-15 19:52:01.167117+00:00
2022-05-15T19:51:54.876616Z,12540344,0.17360000,4.30000000,buy,2022-05-15 19:51:54.876616+00:00
2022-05-15T19:51:54.876616Z,12540343,0.17360000,3.00000000,buy,2022-05-15 19:51:54.876616+00:00
2022-05-15T19:51:41.989622Z,12540342,0.17390000,278.20000000,sell,2022-05-15 19:51:41.989622+00:00
2022-05-15T19:51:41.989622Z,12540341,0.17390000,1440.00000000,sell,2022-05-15 19:51:41.989622+00:00
2022-05-15T19:50:49.184125Z,12540340,0.17360000,9.00000000,buy,2022-05-15 19:50:49.184125+00:00
2022-05-15T19:50:49.135383Z,12540339,0.17390000,54.50000000,sell,2022-05-15 19:50:49.135383+00:00
2022-05-15T19:50:49.135383Z,12540338,0.17390000,1440.00000000,sell,2022-05-15 19:50:49.135383+00:00
2022-05-15T19:50:47.042394Z,12540337,0.17360000,3.60000000,buy,2022-05-15 19:50:47.042394+00:00
2022-05-15T19:50:39.827661Z,12540336,0.17370000,8.80000000,buy,2022-05-15 19:50:39.827661+00:00
2022-05-15T19:50:16.430161Z,12540335,0.17370000,9.10000000,buy,2022-05-15 19:50:16.430161+00:00
2022-05-15T19:49:59.728722Z,12540334,0.17370000,4.30000000,buy,2022-05-15 19:49:59.728722+00:00
2022-05-15T19:49:53.642347Z,12540333,0.17410000,5.70000000,sell,2022-05-15 19:49:53.642347+00:00
2022-05-15T19:49:19.649714Z,12540332,0.17410000,22.90000000,sell,2022-05-15 19:49:19.649714+00:00
2022-05-15T19:49:17.558001Z,12540331,0.17410000,25.80000000,sell,2022-05-15 19:49:17.558001+00:00
2022-05-15T19:48:56.347755Z,12540330,0.17410000,1.90000000,sell,2022-05-15 19:48:56.347755+00:00
2022-05-15T19:48:39.404758Z,12540329,0.17410000,739.90000000,sell,2022-05-15 19:48:39.404758+00:00
2022-05-15T19:48:39.404758Z,12540328,0.17400000,320.10000000,sell,2022-05-15 19:48:39.404758+00:00
2022-05-15T19:48:39.404758Z,12540327,0.17400000,1440.00000000,sell,2022-05-15 19:48:39.404758+00:00
2022-05-15T19:48:39.404758Z,12540326,0.17400000,316.10000000,sell,2022-05-15 19:48:39.404758+00:00
2022-05-15T19:47:55.611686Z,12540325,0.17400000,22.90000000,sell,2022-05-15 19:47:55.611686+00:00
2022-05-15T19:47:54.136605Z,12540324,0.17380000,574.20000000,buy,2022-05-15 19:47:54.136605+00:00
2022-05-15T19:46:54.415968Z,12540323,0.17380000,316.10000000,buy,2022-05-15 19:46:54.415968+00:00
2022-05-15T19:46:45.611457Z,12540322,0.17410000,316.10000000,sell,2022-05-15 19:46:45.611457+00:00
2022-05-15T19:46:45.4613Z,12540321,0.17410000,3160.60000000,sell,2022-05-15 19:46:45.461300+00:00
2022-05-15T19:46:45.160575Z,12540320,0.17400000,316.10000000,sell,2022-05-15 19:46:45.160575+00:00
2022-05-15T19:46:44.8698Z,12540319,0.17400000,316.10000000,sell,2022-05-15 19:46:44.869800+00:00
2022-05-15T19:46:44.296857Z,12540318,0.17400000,4529.00000000,sell,2022-05-15 19:46:44.296857+00:00
2022-05-15T19:46:44.296857Z,12540317,0.17400000,316.10000000,sell,2022-05-15 19:46:44.296857+00:00
2022-05-15T19:46:40.450574Z,12540316,0.17350000,6.00000000,buy,2022-05-15 19:46:40.450574+00:00
2022-05-15T19:46:32.44776Z,12540315,0.17350000,6.00000000,buy,2022-05-15 19:46:32.447760+00:00
2022-05-15T19:46:27.202843Z,12540314,0.17380000,7.00000000,sell,2022-05-15 19:46:27.202843+00:00
2022-05-15T19:46:24.44009Z,12540313,0.17350000,9.30000000,buy,2022-05-15 19:46:24.440090+00:00
2022-05-15T19:45:52.887237Z,12540312,0.17360000,6.00000000,buy,2022-05-15 19:45:52.887237+00:00
2022-05-15T19:45:45.19671Z,12540311,0.17380000,1440.00000000,sell,2022-05-15 19:45:45.196710+00:00
2022-05-15T19:45:45.19671Z,12540310,0.17380000,316.10000000,sell,2022-05-15 19:45:45.196710+00:00
2022-05-15T19:45:37.286638Z,12540309,0.17380000,1440.00000000,sell,2022-05-15 19:45:37.286638+00:00
2022-05-15T19:45:37.286638Z,12540308,0.17380000,3160.60000000,sell,2022-05-15 19:45:37.286638+00:00
2022-05-15T19:45:35.75333Z,12540307,0.17370000,316.10000000,sell,2022-05-15 19:45:35.753330+00:00
2022-05-15T19:45:35.715083Z,12540306,0.17370000,316.10000000,sell,2022-05-15 19:45:35.715083+00:00
2022-05-15T19:45:35.677088Z,12540305,0.17370000,316.10000000,sell,2022-05-15 19:45:35.677088+00:00
2022-05-15T19:45:35.63407Z,12540304,0.17370000,316.10000000,sell,2022-05-15 19:45:35.634070+00:00
2022-05-15T19:45:35.59208Z,12540303,0.17370000,316.10000000,sell,2022-05-15 19:45:35.592080+00:00
2022-05-15T19:45:18.956168Z,12540302,0.17360000,3160.60000000,sell,2022-05-15 19:45:18.956168+00:00
2022-05-15T19:45:18.304111Z,12540301,0.17350000,316.10000000,sell,2022-05-15 19:45:18.304111+00:00
2022-05-15T19:45:18.267009Z,12540300,0.17350000,316.10000000,sell,2022-05-15 19:45:18.267009+00:00
2022-05-15T19:45:18.22675Z,12540299,0.17350000,316.10000000,sell,2022-05-15 19:45:18.226750+00:00
2022-05-15T19:45:18.118495Z,12540298,0.17350000,316.10000000,sell,2022-05-15 19:45:18.118495+00:00
2022-05-15T19:44:58.31558Z,12540297,0.17330000,916.70000000,buy,2022-05-15 19:44:58.315580+00:00
2022-05-15T19:44:58.297057Z,12540296,0.17330000,2243.90000000,buy,2022-05-15 19:44:58.297057+00:00
2022-05-15T19:44:58.297057Z,12540295,0.17330000,1440.00000000,buy,2022-05-15 19:44:58.297057+00:00
2022-05-15T19:44:58.297057Z,12540294,0.17330000,316.10000000,buy,2022-05-15 19:44:58.297057+00:00
2022-05-15T19:44:57.747641Z,12540293,0.17360000,316.10000000,sell,2022-05-15 19:44:57.747641+00:00
2022-05-15T19:44:57.747641Z,12540292,0.17360000,1440.00000000,sell,2022-05-15 19:44:57.747641+00:00
2022-05-15T19:44:54.486426Z,12540291,0.17340000,1440.00000000,sell,2022-05-15 19:44:54.486426+00:00
2022-05-15T19:44:51.779687Z,12540290,0.17330000,3160.60000000,buy,2022-05-15 19:44:51.779687+00:00
2022-05-15T19:44:51.775362Z,12540289,0.17340000,316.10000000,buy,2022-05-15 19:44:51.775362+00:00
2022-05-15T19:44:40.34211Z,12540288,0.17360000,316.10000000,buy,2022-05-15 19:44:40.342110+00:00
2022-05-15T19:44:40.325752Z,12540287,0.17360000,3160.60000000,buy,2022-05-15 19:44:40.325752+00:00
2022-05-15T19:44:40.303541Z,12540286,0.17370000,316.10000000,buy,2022-05-15 19:44:40.303541+00:00
2022-05-15T19:44:40.268368Z,12540285,0.17370000,316.10000000,buy,2022-05-15 19:44:40.268368+00:00
2022-05-15T19:44:40.250154Z,12540284,0.17370000,316.10000000,buy,2022-05-15 19:44:40.250154+00:00
2022-05-15T19:44:40.227816Z,12540283,0.17370000,316.10000000,buy,2022-05-15 19:44:40.227816+00:00
2022-05-15T19:44:36.104864Z,12540282,0.17400000,1440.00000000,sell,2022-05-15 19:44:36.104864+00:00
2022-05-15T19:44:36.104864Z,12540281,0.17400000,316.10000000,sell,2022-05-15 19:44:36.104864+00:00
2022-05-15T19:44:36.104864Z,12540280,0.17400000,320.10000000,sell,2022-05-15 19:44:36.104864+00:00
2022-05-15T19:44:29.728575Z,12540279,0.17390000,9.00000000,buy,2022-05-15 19:44:29.728575+00:00
2022-05-15T19:44:29.721021Z,12540278,0.17400000,316.10000000,buy,2022-05-15 19:44:29.721021+00:00
2022-05-15T19:44:27.844825Z,12540277,0.17410000,316.10000000,buy,2022-05-15 19:44:27.844825+00:00
2022-05-15T19:44:27.77906Z,12540276,0.17410000,1016.60000000,buy,2022-05-15 19:44:27.779060+00:00
2022-05-15T19:44:27.772611Z,12540275,0.17410000,2144.00000000,buy,2022-05-15 19:44:27.772611+00:00
2022-05-15T19:44:27.69193Z,12540274,0.17420000,316.10000000,buy,2022-05-15 19:44:27.691930+00:00
2022-05-15T19:43:50.28891Z,12540273,0.17420000,316.10000000,buy,2022-05-15 19:43:50.288910+00:00
2022-05-15T19:43:22.426961Z,12540272,0.17470000,316.10000000,sell,2022-05-15 19:43:22.426961+00:00
2022-05-15T19:43:22.038544Z,12540271,0.17450000,32.00000000,sell,2022-05-15 19:43:22.038544+00:00
2022-05-15T19:43:21.755174Z,12540270,0.17430000,3160.60000000,sell,2022-05-15 19:43:21.755174+00:00
2022-05-15T19:43:21.755174Z,12540269,0.17430000,7463.50000000,sell,2022-05-15 19:43:21.755174+00:00
2022-05-15T19:43:20.692518Z,12540268,0.17420000,316.10000000,sell,2022-05-15 19:43:20.692518+00:00
2022-05-15T19:43:03.606416Z,12540267,0.17370000,4.20000000,buy,2022-05-15 19:43:03.606416+00:00
2022-05-15T19:43:03.602628Z,12540266,0.17370000,225.90000000,buy,2022-05-15 19:43:03.602628+00:00
2022-05-15T19:43:03.602628Z,12540265,0.17370000,1440.00000000,buy,2022-05-15 19:43:03.602628+00:00
2022-05-15T19:42:36.886912Z,12540264,0.17360000,25.80000000,buy,2022-05-15 19:42:36.886912+00:00
2022-05-15T19:42:28.069952Z,12540263,0.17390000,287.60000000,sell,2022-05-15 19:42:28.069952+00:00
2022-05-15T19:42:21.709497Z,12540262,0.17380000,316.10000000,sell,2022-05-15 19:42:21.709497+00:00
2022-05-15T19:42:21.657728Z,12540261,0.17380000,2844.50000000,sell,2022-05-15 19:42:21.657728+00:00
2022-05-15T19:42:21.657728Z,12540260,0.17370000,316.10000000,sell,2022-05-15 19:42:21.657728+00:00
2022-05-15T19:42:21.637569Z,12540259,0.17370000,316.10000000,sell,2022-05-15 19:42:21.637569+00:00
2022-05-15T19:42:17.340926Z,12540258,0.17340000,5.90000000,buy,2022-05-15 19:42:17.340926+00:00
2022-05-15T19:42:15.709738Z,12540257,0.17350000,3154.00000000,buy,2022-05-15 19:42:15.709738+00:00
2022-05-15T19:42:15.709738Z,12540256,0.17350000,316.10000000,buy,2022-05-15 19:42:15.709738+00:00
2022-05-15T19:42:15.709738Z,12540255,0.17350000,1440.00000000,buy,2022-05-15 19:42:15.709738+00:00
2022-05-15T19:42:13.046119Z,12540254,0.17380000,316.10000000,sell,2022-05-15 19:42:13.046119+00:00
2022-05-15T19:42:11.870932Z,12540253,0.17370000,1440.00000000,sell,2022-05-15 19:42:11.870932+00:00
2022-05-15T19:42:11.870932Z,12540252,0.17370000,400.00000000,sell,2022-05-15 19:42:11.870932+00:00
2022-05-15T19:42:11.036474Z,12540251,0.17360000,400.00000000,sell,2022-05-15 19:42:11.036474+00:00
2022-05-15T19:42:11.036474Z,12540250,0.17360000,1440.00000000,sell,2022-05-15 19:42:11.036474+00:00
2022-05-15T19:42:08.793929Z,12540249,0.17350000,316.10000000,buy,2022-05-15 19:42:08.793929+00:00
2022-05-15T19:42:06.120102Z,12540248,0.17360000,38.10000000,buy,2022-05-15 19:42:06.120102+00:00
2022-05-15T19:42:06.115767Z,12540247,0.17360000,1599.00000000,buy,2022-05-15 19:42:06.115767+00:00
2022-05-15T19:42:06.115661Z,12540246,0.17360000,1523.50000000,buy,2022-05-15 19:42:06.115661+00:00
2022-05-15T19:42:06.088286Z,12540245,0.17370000,316.10000000,buy,2022-05-15 19:42:06.088286+00:00
2022-05-15T19:42:05.965697Z,12540244,0.17380000,316.10000000,buy,2022-05-15 19:42:05.965697+00:00
2022-05-15T19:42:05.912204Z,12540243,0.17380000,316.10000000,buy,2022-05-15 19:42:05.912204+00:00
2022-05-15T19:42:04.915354Z,12540242,0.17380000,316.10000000,buy,2022-05-15 19:42:04.915354+00:00
2022-05-15T19:42:04.878051Z,12540241,0.17380000,316.10000000,buy,2022-05-15 19:42:04.878051+00:00
2022-05-15T19:41:59.796435Z,12540240,0.17380000,316.10000000,buy,2022-05-15 19:41:59.796435+00:00
2022-05-15T19:41:11.823812Z,12540239,0.17390000,316.10000000,buy,2022-05-15 19:41:11.823812+00:00
2022-05-15T19:41:11.823812Z,12540238,0.17390000,93.00000000,buy,2022-05-15 19:41:11.823812+00:00
2022-05-15T19:40:58.121795Z,12540237,0.17390000,2.40000000,buy,2022-05-15 19:40:58.121795+00:00
2022-05-15T19:40:47.48749Z,12540236,0.17390000,4.60000000,buy,2022-05-15 19:40:47.487490+00:00
2022-05-15T19:40:18.286642Z,12540235,0.17390000,57.50000000,buy,2022-05-15 19:40:18.286642+00:00
2022-05-15T19:39:47.236002Z,12540234,0.17420000,51.50000000,sell,2022-05-15 19:39:47.236002+00:00
2022-05-15T19:39:45.810293Z,12540233,0.17390000,1.40000000,buy,2022-05-15 19:39:45.810293+00:00
2022-05-15T19:39:45.810293Z,12540232,0.17390000,4.40000000,buy,2022-05-15 19:39:45.810293+00:00
2022-05-15T19:39:29.654694Z,12540231,0.17390000,5.60000000,buy,2022-05-15 19:39:29.654694+00:00
2022-05-15T19:39:27.809355Z,12540230,0.17390000,4.00000000,buy,2022-05-15 19:39:27.809355+00:00
2022-05-15T19:39:10.502136Z,12540229,0.17420000,316.10000000,sell,2022-05-15 19:39:10.502136+00:00
2022-05-15T19:39:10.4585Z,12540228,0.17420000,316.10000000,sell,2022-05-15 19:39:10.458500+00:00
2022-05-15T19:39:10.418923Z,12540227,0.17420000,316.10000000,sell,2022-05-15 19:39:10.418923+00:00
2022-05-15T19:39:10.384221Z,12540226,0.17420000,316.10000000,sell,2022-05-15 19:39:10.384221+00:00
2022-05-15T19:38:59.815149Z,12540225,0.17390000,8.70000000,buy,2022-05-15 19:38:59.815149+00:00
2022-05-15T19:38:57.964523Z,12540224,0.17400000,316.10000000,sell,2022-05-15 19:38:57.964523+00:00
2022-05-15T19:38:57.9273Z,12540223,0.17390000,3.80000000,sell,2022-05-15 19:38:57.927300+00:00
2022-05-15T19:38:57.9273Z,12540222,0.17390000,1.60000000,sell,2022-05-15 19:38:57.927300+00:00
2022-05-15T19:38:57.459016Z,12540221,0.17380000,316.10000000,sell,2022-05-15 19:38:57.459016+00:00
2022-05-15T19:38:57.459016Z,12540220,0.17380000,30.10000000,sell,2022-05-15 19:38:57.459016+00:00
2022-05-15T19:38:56.26556Z,12540219,0.17370000,316.10000000,sell,2022-05-15 19:38:56.265560+00:00
2022-05-15T19:38:34.095886Z,12540218,0.17350000,316.10000000,buy,2022-05-15 19:38:34.095886+00:00
2022-05-15T19:38:32.744032Z,12540217,0.17380000,17.90000000,sell,2022-05-15 19:38:32.744032+00:00
2022-05-15T19:38:20.533384Z,12540216,0.17360000,1141.30000000,buy,2022-05-15 19:38:20.533384+00:00
2022-05-15T19:38:20.533384Z,12540215,0.17370000,316.10000000,buy,2022-05-15 19:38:20.533384+00:00
2022-05-15T19:38:16.215659Z,12540214,0.17370000,304.80000000,buy,2022-05-15 19:38:16.215659+00:00
2022-05-15T19:37:50.57442Z,12540213,0.17370000,6.00000000,buy,2022-05-15 19:37:50.574420+00:00
2022-05-15T19:37:42.487988Z,12540212,0.17370000,5.30000000,buy,2022-05-15 19:37:42.487988+00:00
2022-05-15T19:37:39.478369Z,12540211,0.17410000,22.50000000,sell,2022-05-15 19:37:39.478369+00:00
2022-05-15T19:37:38.596994Z,12540210,0.17400000,316.10000000,sell,2022-05-15 19:37:38.596994+00:00
2022-05-15T19:37:38.596994Z,12540209,0.17400000,1440.00000000,sell,2022-05-15 19:37:38.596994+00:00
2022-05-15T19:37:03.733582Z,12540208,0.17380000,1.10000000,buy,2022-05-15 19:37:03.733582+00:00
2022-05-15T19:37:03.402133Z,12540207,0.17390000,312.10000000,buy,2022-05-15 19:37:03.402133+00:00
2022-05-15T19:37:03.338724Z,12540206,0.17390000,4.00000000,buy,2022-05-15 19:37:03.338724+00:00
