time,trade_id,price,size,side,date
2022-05-15T21:10:41.826112Z,14449731,0.16740000,1600.00000000,sell,2022-05-15 21:10:41.826112+00:00
2022-05-15T21:10:31.985718Z,14449730,0.16740000,1558.00000000,sell,2022-05-15 21:10:31.985718+00:00
2022-05-15T21:10:31.12664Z,14449729,0.16740000,41.42533200,sell,2022-05-15 21:10:31.126640+00:00
2022-05-15T21:10:12.288168Z,14449728,0.16760000,3.00000000,sell,2022-05-15 21:10:12.288168+00:00
2022-05-15T21:09:56.54113Z,14449727,0.16760000,89.05353900,sell,2022-05-15 21:09:56.541130+00:00
2022-05-15T21:09:30.748308Z,14449726,0.16750000,1086.26670000,sell,2022-05-15 21:09:30.748308+00:00
2022-05-15T21:09:30.673684Z,14449725,0.16740000,3.88269000,sell,2022-05-15 21:09:30.673684+00:00
2022-05-15T21:09:30.357652Z,14449724,0.16730000,6250.00000100,sell,2022-05-15 21:09:30.357652+00:00
2022-05-15T21:09:30.312442Z,14449723,0.16730000,8749.99999900,sell,2022-05-15 21:09:30.312442+00:00
2022-05-15T21:09:13.921434Z,14449722,0.16720000,4263.51272900,sell,2022-05-15 21:09:13.921434+00:00
2022-05-15T21:09:13.921434Z,14449721,0.16710000,1600.00000000,sell,2022-05-15 21:09:13.921434+00:00
2022-05-15T21:08:57.782347Z,14449720,0.16710000,275.70173400,sell,2022-05-15 21:08:57.782347+00:00
2022-05-15T21:08:57.782347Z,14449719,0.16710000,1600.00000000,sell,2022-05-15 21:08:57.782347+00:00
2022-05-15T21:08:43.313019Z,14449718,0.16740000,1556.28205700,sell,2022-05-15 21:08:43.313019+00:00
2022-05-15T21:08:43.313019Z,14449717,0.16730000,4369.05380200,sell,2022-05-15 21:08:43.313019+00:00
2022-05-15T21:08:43.313019Z,14449716,0.16730000,820.00000000,sell,2022-05-15 21:08:43.313019+00:00
2022-05-15T21:08:43.313019Z,14449715,0.16720000,6436.18705500,sell,2022-05-15 21:08:43.313019+00:00
2022-05-15T21:08:43.313019Z,14449714,0.16720000,2416.30081300,sell,2022-05-15 21:08:43.313019+00:00
2022-05-15T21:08:43.313019Z,14449713,0.16720000,820.00000000,sell,2022-05-15 21:08:43.313019+00:00
2022-05-15T21:08:43.313019Z,14449712,0.16710000,1183.58764300,sell,2022-05-15 21:08:43.313019+00:00
2022-05-15T21:08:42.672086Z,14449711,0.16710000,416.41235700,sell,2022-05-15 21:08:42.672086+00:00
2022-05-15T21:08:17.603352Z,14449710,0.16660000,650.00000000,buy,2022-05-15 21:08:17.603352+00:00
2022-05-15T21:08:17.603352Z,14449709,0.16660000,600.00000000,buy,2022-05-15 21:08:17.603352+00:00
2022-05-15T21:08:16.84931Z,14449708,0.16680000,819.99993200,buy,2022-05-15 21:08:16.849310+00:00
2022-05-15T21:08:16.84931Z,14449707,0.16680000,2333.30836800,buy,2022-05-15 21:08:16.849310+00:00
2022-05-15T21:08:16.713907Z,14449706,0.16690000,79.70515300,buy,2022-05-15 21:08:16.713907+00:00
2022-05-15T21:08:16.713907Z,14449705,0.16690000,1200.00000000,buy,2022-05-15 21:08:16.713907+00:00
2022-05-15T21:08:16.713907Z,14449704,0.16690000,6377.29484700,buy,2022-05-15 21:08:16.713907+00:00
2022-05-15T21:08:16.647775Z,14449703,0.16690000,10.91540000,buy,2022-05-15 21:08:16.647775+00:00
2022-05-15T21:08:15.162876Z,14449702,0.16710000,0.98440000,buy,2022-05-15 21:08:15.162876+00:00
2022-05-15T21:08:08.515135Z,14449701,0.16710000,5.00000000,buy,2022-05-15 21:08:08.515135+00:00
2022-05-15T21:08:01.639147Z,14449700,0.16720000,1600.00000000,sell,2022-05-15 21:08:01.639147+00:00
2022-05-15T21:07:43.138754Z,14449699,0.16760000,1600.00000000,buy,2022-05-15 21:07:43.138754+00:00
2022-05-15T21:07:40.592006Z,14449698,0.16760000,820.00000000,sell,2022-05-15 21:07:40.592006+00:00
2022-05-15T21:07:00.599907Z,14449697,0.16770000,11.00000000,sell,2022-05-15 21:07:00.599907+00:00
2022-05-15T21:06:43.836987Z,14449696,0.16780000,0.95950000,buy,2022-05-15 21:06:43.836987+00:00
2022-05-15T21:06:43.815352Z,14449695,0.16780000,5.00000000,buy,2022-05-15 21:06:43.815352+00:00
2022-05-15T21:06:41.317498Z,14449694,0.16790000,820.00000000,buy,2022-05-15 21:06:41.317498+00:00
2022-05-15T21:06:41.317498Z,14449693,0.16790000,1600.00000000,buy,2022-05-15 21:06:41.317498+00:00
2022-05-15T21:06:39.02607Z,14449692,0.16780000,16.00000000,sell,2022-05-15 21:06:39.026070+00:00
2022-05-15T21:06:39.02607Z,14449691,0.16780000,5.95950000,sell,2022-05-15 21:06:39.026070+00:00
2022-05-15T21:06:25.548674Z,14449690,0.16760000,1111.00000000,buy,2022-05-15 21:06:25.548674+00:00
2022-05-15T21:06:17.622544Z,14449689,0.16750000,1599.08467200,sell,2022-05-15 21:06:17.622544+00:00
2022-05-15T21:06:17.622544Z,14449688,0.16750000,2.91532800,sell,2022-05-15 21:06:17.622544+00:00
2022-05-15T21:05:51.787874Z,14449687,0.16720000,848.73450000,buy,2022-05-15 21:05:51.787874+00:00
2022-05-15T21:05:51.762201Z,14449686,0.16720000,820.00000000,buy,2022-05-15 21:05:51.762201+00:00
2022-05-15T21:05:51.73213Z,14449685,0.16720000,819.14464800,buy,2022-05-15 21:05:51.732130+00:00
2022-05-15T21:05:51.73213Z,14449684,0.16730000,0.85535200,buy,2022-05-15 21:05:51.732130+00:00
2022-05-15T21:05:51.71866Z,14449683,0.16730000,2000.00000000,buy,2022-05-15 21:05:51.718660+00:00
2022-05-15T21:05:51.714162Z,14449682,0.16730000,58543.00000000,buy,2022-05-15 21:05:51.714162+00:00
2022-05-15T21:05:46.3636Z,14449681,0.16730000,2460.00000000,buy,2022-05-15 21:05:46.363600+00:00
2022-05-15T21:05:46.343852Z,14449680,0.16730000,2605.49170000,buy,2022-05-15 21:05:46.343852+00:00
2022-05-15T21:05:46.343628Z,14449679,0.16730000,12800.00000000,buy,2022-05-15 21:05:46.343628+00:00
2022-05-15T21:05:46.335611Z,14449678,0.16730000,12800.00000000,buy,2022-05-15 21:05:46.335611+00:00
2022-05-15T21:05:06.708002Z,14449677,0.16750000,109.97014900,sell,2022-05-15 21:05:06.708002+00:00
2022-05-15T21:04:44.871864Z,14449676,0.16730000,1250.00000000,buy,2022-05-15 21:04:44.871864+00:00
2022-05-15T21:04:36.15836Z,14449675,0.16730000,17.43093500,buy,2022-05-15 21:04:36.158360+00:00
2022-05-15T21:04:31.019032Z,14449674,0.16740000,0.00000500,buy,2022-05-15 21:04:31.019032+00:00
2022-05-15T21:04:31.018907Z,14449673,0.16740000,8988.79180000,buy,2022-05-15 21:04:31.018907+00:00
2022-05-15T21:04:03.811576Z,14449672,0.16730000,820.00000000,sell,2022-05-15 21:04:03.811576+00:00
2022-05-15T21:04:03.811576Z,14449671,0.16730000,1600.00000000,sell,2022-05-15 21:04:03.811576+00:00
2022-05-15T21:03:38.751784Z,14449670,0.16720000,1250.00000000,buy,2022-05-15 21:03:38.751784+00:00
2022-05-15T21:03:37.771593Z,14449669,0.16720000,1250.00000000,buy,2022-05-15 21:03:37.771593+00:00
2022-05-15T21:03:14.146003Z,14449668,0.16720000,1250.00000000,buy,2022-05-15 21:03:14.146003+00:00
2022-05-15T21:03:10.676059Z,14449667,0.16730000,1250.00000000,buy,2022-05-15 21:03:10.676059+00:00
2022-05-15T21:02:35.924085Z,14449666,0.16730000,1600.00000000,buy,2022-05-15 21:02:35.924085+00:00
2022-05-15T21:02:35.74324Z,14449665,0.16760000,820.00000000,sell,2022-05-15 21:02:35.743240+00:00
2022-05-15T21:02:35.734585Z,14449664,0.16740000,820.00000000,buy,2022-05-15 21:02:35.734585+00:00
2022-05-15T21:02:35.722664Z,14449663,0.16750000,820.00000000,sell,2022-05-15 21:02:35.722664+00:00
2022-05-15T21:02:35.681973Z,14449662,0.16750000,820.00000000,sell,2022-05-15 21:02:35.681973+00:00
2022-05-15T21:02:35.66583Z,14449661,0.16750000,2499.00000000,sell,2022-05-15 21:02:35.665830+00:00
2022-05-15T21:02:35.644775Z,14449660,0.16750000,6489.79180500,sell,2022-05-15 21:02:35.644775+00:00
2022-05-15T21:02:35.644775Z,14449659,0.16750000,22632.29892000,sell,2022-05-15 21:02:35.644775+00:00
2022-05-15T21:02:35.644775Z,14449658,0.16750000,6819.01807300,sell,2022-05-15 21:02:35.644775+00:00
2022-05-15T21:02:35.644775Z,14449657,0.16750000,7289.44539500,sell,2022-05-15 21:02:35.644775+00:00
2022-05-15T21:02:35.644775Z,14449656,0.16750000,211.22510600,sell,2022-05-15 21:02:35.644775+00:00
2022-05-15T21:02:35.644775Z,14449655,0.16750000,9.00000000,sell,2022-05-15 21:02:35.644775+00:00
2022-05-15T21:02:35.644775Z,14449654,0.16740000,9444.90008000,sell,2022-05-15 21:02:35.644775+00:00
2022-05-15T21:02:35.644775Z,14449653,0.16740000,2483.49467500,sell,2022-05-15 21:02:35.644775+00:00
2022-05-15T21:02:35.644775Z,14449652,0.16740000,2147.80371300,sell,2022-05-15 21:02:35.644775+00:00
2022-05-15T21:02:35.644775Z,14449651,0.16740000,1600.00000000,sell,2022-05-15 21:02:35.644775+00:00
2022-05-15T21:02:35.365821Z,14449650,0.16720000,1324.00000000,buy,2022-05-15 21:02:35.365821+00:00
2022-05-15T21:02:15.547587Z,14449649,0.16720000,139.89234500,sell,2022-05-15 21:02:15.547587+00:00
2022-05-15T21:02:05.941961Z,14449648,0.16720000,110.15496700,sell,2022-05-15 21:02:05.941961+00:00
2022-05-15T21:01:52.991347Z,14449647,0.16700000,12.00000000,buy,2022-05-15 21:01:52.991347+00:00
2022-05-15T21:01:42.066815Z,14449646,0.16720000,488.33743500,sell,2022-05-15 21:01:42.066815+00:00
2022-05-15T21:00:10.333446Z,14449645,0.16740000,65.65702100,sell,2022-05-15 21:00:10.333446+00:00
2022-05-15T21:00:07.811969Z,14449644,0.16730000,1600.00000000,buy,2022-05-15 21:00:07.811969+00:00
2022-05-15T20:59:23.814809Z,14449643,0.16730000,159.16052800,sell,2022-05-15 20:59:23.814809+00:00
2022-05-15T20:59:23.814809Z,14449642,0.16720000,1600.00000000,sell,2022-05-15 20:59:23.814809+00:00
2022-05-15T20:59:23.713383Z,14449641,0.16710000,5.98440000,buy,2022-05-15 20:59:23.713383+00:00
2022-05-15T20:59:23.713383Z,14449640,0.16710000,16.20546800,buy,2022-05-15 20:59:23.713383+00:00
2022-05-15T20:59:12.901319Z,14449639,0.16740000,1600.00000000,buy,2022-05-15 20:59:12.901319+00:00
2022-05-15T20:59:08.372572Z,14449638,0.16710000,0.98440000,sell,2022-05-15 20:59:08.372572+00:00
2022-05-15T20:59:08.372572Z,14449637,0.16710000,16.01560000,sell,2022-05-15 20:59:08.372572+00:00
2022-05-15T20:59:08.372572Z,14449636,0.16710000,5.98440000,sell,2022-05-15 20:59:08.372572+00:00
2022-05-15T20:58:51.785Z,14449635,0.16690000,428.00000000,buy,2022-05-15 20:58:51.785000+00:00
2022-05-15T20:58:35.041136Z,14449634,0.16670000,169.16166100,buy,2022-05-15 20:58:35.041136+00:00
2022-05-15T20:56:45.022205Z,14449633,0.16690000,1600.00000000,buy,2022-05-15 20:56:45.022205+00:00
2022-05-15T20:56:26.218209Z,14449632,0.16690000,12800.00000000,sell,2022-05-15 20:56:26.218209+00:00
2022-05-15T20:56:26.060907Z,14449631,0.16680000,80.00000000,sell,2022-05-15 20:56:26.060907+00:00
2022-05-15T20:56:25.914303Z,14449630,0.16670000,80.00000000,sell,2022-05-15 20:56:25.914303+00:00
2022-05-15T20:56:06.917717Z,14449629,0.16660000,100.00000000,sell,2022-05-15 20:56:06.917717+00:00
2022-05-15T20:56:00.432857Z,14449628,0.16660000,5.96537700,sell,2022-05-15 20:56:00.432857+00:00
2022-05-15T20:56:00.287997Z,14449627,0.16640000,1250.00000000,buy,2022-05-15 20:56:00.287997+00:00
2022-05-15T20:55:48.822764Z,14449626,0.16640000,500.00000000,buy,2022-05-15 20:55:48.822764+00:00
2022-05-15T20:55:47.30491Z,14449625,0.16660000,1493.15726300,sell,2022-05-15 20:55:47.304910+00:00
2022-05-15T20:55:23.97886Z,14449624,0.16670000,80.64058800,sell,2022-05-15 20:55:23.978860+00:00
2022-05-15T20:55:06.964343Z,14449623,0.16650000,1600.00000000,buy,2022-05-15 20:55:06.964343+00:00
2022-05-15T20:55:02.277366Z,14449622,0.16630000,399.93514800,buy,2022-05-15 20:55:02.277366+00:00
2022-05-15T20:54:41.609184Z,14449621,0.16630000,1600.00000000,sell,2022-05-15 20:54:41.609184+00:00
2022-05-15T20:54:35.345491Z,14449620,0.16650000,10.00000000,buy,2022-05-15 20:54:35.345491+00:00
2022-05-15T20:54:05.412784Z,14449619,0.16690000,80.00000000,sell,2022-05-15 20:54:05.412784+00:00
2022-05-15T20:54:05.412784Z,14449618,0.16690000,1600.00000000,sell,2022-05-15 20:54:05.412784+00:00
2022-05-15T20:54:02.9866Z,14449617,0.16680000,1600.00000000,buy,2022-05-15 20:54:02.986600+00:00
2022-05-15T20:54:02.737458Z,14449616,0.16690000,1600.00000000,buy,2022-05-15 20:54:02.737458+00:00
2022-05-15T20:54:02.543776Z,14449615,0.16690000,1600.00000000,buy,2022-05-15 20:54:02.543776+00:00
2022-05-15T20:53:49.748867Z,14449614,0.16670000,131.20136500,sell,2022-05-15 20:53:49.748867+00:00
2022-05-15T20:52:52.881537Z,14449613,0.16660000,2245.15678200,sell,2022-05-15 20:52:52.881537+00:00
2022-05-15T20:52:52.881537Z,14449612,0.16650000,80.00000000,sell,2022-05-15 20:52:52.881537+00:00
2022-05-15T20:52:52.881537Z,14449611,0.16650000,1600.00000000,sell,2022-05-15 20:52:52.881537+00:00
2022-05-15T20:52:46.941281Z,14449610,0.16630000,1250.00000000,buy,2022-05-15 20:52:46.941281+00:00
2022-05-15T20:52:36.0638Z,14449609,0.16630000,42.04204200,buy,2022-05-15 20:52:36.063800+00:00
2022-05-15T20:51:55.179799Z,14449608,0.16650000,140.49870800,sell,2022-05-15 20:51:55.179799+00:00
2022-05-15T20:51:15.861257Z,14449607,0.16640000,80.00000000,buy,2022-05-15 20:51:15.861257+00:00
2022-05-15T20:50:48.35257Z,14449606,0.16650000,399.53150700,sell,2022-05-15 20:50:48.352570+00:00
2022-05-15T20:50:48.35257Z,14449605,0.16640000,1000.00000000,sell,2022-05-15 20:50:48.352570+00:00
2022-05-15T20:50:48.35257Z,14449604,0.16630000,1600.00000000,sell,2022-05-15 20:50:48.352570+00:00
2022-05-15T20:50:43.445596Z,14449603,0.16630000,1200.00000000,buy,2022-05-15 20:50:43.445596+00:00
2022-05-15T20:50:41.49247Z,14449602,0.16620000,89.00000000,buy,2022-05-15 20:50:41.492470+00:00
2022-05-15T20:50:41.49247Z,14449601,0.16630000,80.00000000,buy,2022-05-15 20:50:41.492470+00:00
2022-05-15T20:50:41.49247Z,14449600,0.16630000,1600.00000000,buy,2022-05-15 20:50:41.492470+00:00
2022-05-15T20:50:41.49247Z,14449599,0.16630000,484.00000000,buy,2022-05-15 20:50:41.492470+00:00
2022-05-15T20:50:37.611163Z,14449598,0.16630000,716.00000000,buy,2022-05-15 20:50:37.611163+00:00
2022-05-15T20:50:37.611163Z,14449597,0.16630000,56.00000000,buy,2022-05-15 20:50:37.611163+00:00
2022-05-15T20:50:37.599226Z,14449596,0.16630000,772.00000000,buy,2022-05-15 20:50:37.599226+00:00
2022-05-15T20:50:37.587051Z,14449595,0.16630000,772.00000000,buy,2022-05-15 20:50:37.587051+00:00
2022-05-15T20:50:37.562957Z,14449594,0.16630000,1600.00000000,sell,2022-05-15 20:50:37.562957+00:00
2022-05-15T20:50:37.562957Z,14449593,0.16630000,772.00000000,sell,2022-05-15 20:50:37.562957+00:00
2022-05-15T20:50:37.523726Z,14449592,0.16620000,1666.43000100,buy,2022-05-15 20:50:37.523726+00:00
2022-05-15T20:50:37.491534Z,14449591,0.16610000,10483.69758700,buy,2022-05-15 20:50:37.491534+00:00
2022-05-15T20:50:37.491534Z,14449590,0.16610000,9444.90008000,buy,2022-05-15 20:50:37.491534+00:00
2022-05-15T20:50:37.491534Z,14449589,0.16610000,12050.00000000,buy,2022-05-15 20:50:37.491534+00:00
2022-05-15T20:50:37.491534Z,14449588,0.16610000,772.00000000,buy,2022-05-15 20:50:37.491534+00:00
2022-05-15T20:50:37.491534Z,14449587,0.16610000,1024.10390000,buy,2022-05-15 20:50:37.491534+00:00
2022-05-15T20:50:37.491534Z,14449586,0.16610000,2079.38476200,buy,2022-05-15 20:50:37.491534+00:00
2022-05-15T20:50:37.491534Z,14449585,0.16620000,4568.34493300,buy,2022-05-15 20:50:37.491534+00:00
2022-05-15T20:50:37.491534Z,14449584,0.16620000,772.00000000,buy,2022-05-15 20:50:37.491534+00:00
2022-05-15T20:50:37.491534Z,14449583,0.16620000,2400.89576300,buy,2022-05-15 20:50:37.491534+00:00
2022-05-15T20:50:37.491534Z,14449582,0.16630000,80.00000000,buy,2022-05-15 20:50:37.491534+00:00
2022-05-15T20:50:37.491534Z,14449581,0.16630000,1184.06990200,buy,2022-05-15 20:50:37.491534+00:00
2022-05-15T20:50:36.452332Z,14449580,0.16630000,15.93009800,buy,2022-05-15 20:50:36.452332+00:00
2022-05-15T20:50:36.452332Z,14449579,0.16640000,1600.00000000,buy,2022-05-15 20:50:36.452332+00:00
2022-05-15T20:50:36.452332Z,14449578,0.16640000,8000.00000000,buy,2022-05-15 20:50:36.452332+00:00
2022-05-15T20:50:05.197276Z,14449577,0.16680000,1600.00000000,buy,2022-05-15 20:50:05.197276+00:00
2022-05-15T20:49:18.773104Z,14449576,0.16650000,1177.35646100,sell,2022-05-15 20:49:18.773104+00:00
2022-05-15T20:49:06.845547Z,14449575,0.16650000,8.00000000,buy,2022-05-15 20:49:06.845547+00:00
2022-05-15T20:49:00.951714Z,14449574,0.16650000,366.78635500,buy,2022-05-15 20:49:00.951714+00:00
2022-05-15T20:48:03.000648Z,14449573,0.16650000,233.12865100,sell,2022-05-15 20:48:03.000648+00:00
2022-05-15T20:47:28.932065Z,14449572,0.16660000,150.06002500,buy,2022-05-15 20:47:28.932065+00:00
2022-05-15T20:47:27.090759Z,14449571,0.16670000,1307.00000000,buy,2022-05-15 20:47:27.090759+00:00
2022-05-15T20:47:18.781211Z,14449570,0.16690000,1600.00000000,buy,2022-05-15 20:47:18.781211+00:00
2022-05-15T20:47:15.682827Z,14449569,0.16690000,350.00000000,buy,2022-05-15 20:47:15.682827+00:00
2022-05-15T20:47:15.665529Z,14449568,0.16690000,1250.00000000,buy,2022-05-15 20:47:15.665529+00:00
2022-05-15T20:47:15.305499Z,14449567,0.16690000,1600.00000000,buy,2022-05-15 20:47:15.305499+00:00
2022-05-15T20:46:15.831242Z,14449566,0.16660000,1.12804700,sell,2022-05-15 20:46:15.831242+00:00
2022-05-15T20:44:05.664769Z,14449565,0.16640000,1600.00000000,buy,2022-05-15 20:44:05.664769+00:00
2022-05-15T20:43:57.859451Z,14449564,0.16650000,40.00000000,sell,2022-05-15 20:43:57.859451+00:00
2022-05-15T20:43:55.467537Z,14449563,0.16630000,80.00000000,sell,2022-05-15 20:43:55.467537+00:00
2022-05-15T20:43:55.467537Z,14449562,0.16630000,9444.90008000,sell,2022-05-15 20:43:55.467537+00:00
2022-05-15T20:43:40.144323Z,14449561,0.16620000,8.00000000,sell,2022-05-15 20:43:40.144323+00:00
2022-05-15T20:42:45.52823Z,14449560,0.16610000,772.00000000,buy,2022-05-15 20:42:45.528230+00:00
2022-05-15T20:42:43.118659Z,14449559,0.16620000,1600.00000000,sell,2022-05-15 20:42:43.118659+00:00
2022-05-15T20:42:40.508121Z,14449558,0.16620000,1600.00000000,sell,2022-05-15 20:42:40.508121+00:00
2022-05-15T20:42:31.967361Z,14449557,0.16670000,1281.55594700,sell,2022-05-15 20:42:31.967361+00:00
2022-05-15T20:42:31.967361Z,14449556,0.16670000,772.00000000,sell,2022-05-15 20:42:31.967361+00:00
2022-05-15T20:42:31.967361Z,14449555,0.16670000,30.00000000,sell,2022-05-15 20:42:31.967361+00:00
2022-05-15T20:42:31.967361Z,14449554,0.16660000,80.00000000,sell,2022-05-15 20:42:31.967361+00:00
2022-05-15T20:42:31.717381Z,14449553,0.16650000,80.00000000,sell,2022-05-15 20:42:31.717381+00:00
2022-05-15T20:42:30.663656Z,14449552,0.16640000,6.00960000,sell,2022-05-15 20:42:30.663656+00:00
2022-05-15T20:42:28.369892Z,14449551,0.16620000,772.00000000,sell,2022-05-15 20:42:28.369892+00:00
2022-05-15T20:41:40.440316Z,14449550,0.16570000,18.61408800,buy,2022-05-15 20:41:40.440316+00:00
2022-05-15T20:41:40.440316Z,14449549,0.16570000,5.03500000,buy,2022-05-15 20:41:40.440316+00:00
2022-05-15T20:41:38.429604Z,14449548,0.16570000,1.00000000,buy,2022-05-15 20:41:38.429604+00:00
2022-05-15T20:41:21.039719Z,14449547,0.16610000,10.00000000,buy,2022-05-15 20:41:21.039719+00:00
2022-05-15T20:36:37.721834Z,14449546,0.16580000,42.17520100,buy,2022-05-15 20:36:37.721834+00:00
2022-05-15T20:36:08.372989Z,14449545,0.16610000,400.00000000,sell,2022-05-15 20:36:08.372989+00:00
2022-05-15T20:35:26.444049Z,14449544,0.16590000,1600.00000000,sell,2022-05-15 20:35:26.444049+00:00
2022-05-15T20:35:24.747342Z,14449543,0.16610000,8.00000000,sell,2022-05-15 20:35:24.747342+00:00
2022-05-15T20:35:10.341986Z,14449542,0.16610000,258.81200000,buy,2022-05-15 20:35:10.341986+00:00
2022-05-15T20:34:05.755799Z,14449541,0.16620000,1200.00000000,buy,2022-05-15 20:34:05.755799+00:00
2022-05-15T20:33:06.420243Z,14449540,0.16580000,11.16115300,buy,2022-05-15 20:33:06.420243+00:00
2022-05-15T20:32:16.566048Z,14449539,0.16640000,1600.00000000,buy,2022-05-15 20:32:16.566048+00:00
2022-05-15T20:32:15.185878Z,14449538,0.16640000,6.00960000,sell,2022-05-15 20:32:15.185878+00:00
2022-05-15T20:32:04.889446Z,14449537,0.16590000,544.20828600,buy,2022-05-15 20:32:04.889446+00:00
2022-05-15T20:32:04.889446Z,14449536,0.16600000,1600.00000000,buy,2022-05-15 20:32:04.889446+00:00
2022-05-15T20:31:18.689804Z,14449535,0.16540000,173.64449600,buy,2022-05-15 20:31:18.689804+00:00
2022-05-15T20:30:38.035051Z,14449534,0.16550000,6030.23560100,buy,2022-05-15 20:30:38.035051+00:00
2022-05-15T20:30:31.000606Z,14449533,0.16570000,0.00003000,buy,2022-05-15 20:30:31.000606+00:00
2022-05-15T20:30:27.40096Z,14449532,0.16570000,3.86680000,buy,2022-05-15 20:30:27.400960+00:00
2022-05-15T20:30:19.904301Z,14449531,0.16580000,1250.00000000,buy,2022-05-15 20:30:19.904301+00:00
2022-05-15T20:30:15.947233Z,14449530,0.16610000,9.00000000,buy,2022-05-15 20:30:15.947233+00:00
2022-05-15T20:29:53.712433Z,14449529,0.16650000,2152.17439300,sell,2022-05-15 20:29:53.712433+00:00
2022-05-15T20:29:53.712433Z,14449528,0.16650000,820.00000000,sell,2022-05-15 20:29:53.712433+00:00
2022-05-15T20:29:53.712433Z,14449527,0.16640000,2470.78901200,sell,2022-05-15 20:29:53.712433+00:00
2022-05-15T20:29:53.712433Z,14449526,0.16640000,820.00000000,sell,2022-05-15 20:29:53.712433+00:00
2022-05-15T20:29:53.712433Z,14449525,0.16640000,2130.97273500,sell,2022-05-15 20:29:53.712433+00:00
2022-05-15T20:29:53.712433Z,14449524,0.16630000,820.00000000,sell,2022-05-15 20:29:53.712433+00:00
2022-05-15T20:29:53.712433Z,14449523,0.16630000,1600.00000000,sell,2022-05-15 20:29:53.712433+00:00
2022-05-15T20:29:02.252019Z,14449522,0.16580000,9.27201200,buy,2022-05-15 20:29:02.252019+00:00
2022-05-15T20:28:08.96047Z,14449521,0.16570000,2.16817000,buy,2022-05-15 20:28:08.960470+00:00
2022-05-15T20:27:56.594729Z,14449520,0.16590000,80.00000000,buy,2022-05-15 20:27:56.594729+00:00
2022-05-15T20:27:56.594729Z,14449519,0.16590000,820.00000000,buy,2022-05-15 20:27:56.594729+00:00
2022-05-15T20:27:56.434009Z,14449518,0.16600000,1200.00000000,buy,2022-05-15 20:27:56.434009+00:00
2022-05-15T20:26:49.110462Z,14449517,0.16620000,80.00000000,buy,2022-05-15 20:26:49.110462+00:00
2022-05-15T20:26:49.110462Z,14449516,0.16620000,60.16847100,buy,2022-05-15 20:26:49.110462+00:00
2022-05-15T20:26:33.493344Z,14449515,0.16620000,900.00000000,sell,2022-05-15 20:26:33.493344+00:00
2022-05-15T20:26:33.493344Z,14449514,0.16620000,1600.00000000,sell,2022-05-15 20:26:33.493344+00:00
2022-05-15T20:26:16.783897Z,14449513,0.16650000,820.00000000,buy,2022-05-15 20:26:16.783897+00:00
2022-05-15T20:26:11.638246Z,14449512,0.16620000,2.99230900,buy,2022-05-15 20:26:11.638246+00:00
2022-05-15T20:25:50.738407Z,14449511,0.16620000,451.26353800,sell,2022-05-15 20:25:50.738407+00:00
2022-05-15T20:25:22.393123Z,14449510,0.16610000,1600.00000000,sell,2022-05-15 20:25:22.393123+00:00
2022-05-15T20:25:12.189509Z,14449509,0.16620000,1600.00000000,buy,2022-05-15 20:25:12.189509+00:00
2022-05-15T20:24:46.696263Z,14449508,0.16640000,6.00960000,buy,2022-05-15 20:24:46.696263+00:00
2022-05-15T20:24:45.077151Z,14449507,0.16660000,1600.00000000,buy,2022-05-15 20:24:45.077151+00:00
2022-05-15T20:24:41.540213Z,14449506,0.16660000,1479.00000000,buy,2022-05-15 20:24:41.540213+00:00
2022-05-15T20:24:41.406034Z,14449505,0.16660000,120.35921300,buy,2022-05-15 20:24:41.406034+00:00
2022-05-15T20:24:38.796334Z,14449504,0.16650000,1600.00000000,buy,2022-05-15 20:24:38.796334+00:00
2022-05-15T20:24:34.716179Z,14449503,0.16690000,287.95144200,sell,2022-05-15 20:24:34.716179+00:00
2022-05-15T20:24:33.107466Z,14449502,0.16670000,54.03962700,sell,2022-05-15 20:24:33.107466+00:00
2022-05-15T20:24:32.293745Z,14449501,0.16650000,827.00000000,buy,2022-05-15 20:24:32.293745+00:00
2022-05-15T20:24:29.68369Z,14449500,0.16660000,0.00000800,sell,2022-05-15 20:24:29.683690+00:00
2022-05-15T20:24:29.68369Z,14449499,0.16660000,15000.00000000,sell,2022-05-15 20:24:29.683690+00:00
2022-05-15T20:24:29.68369Z,14449498,0.16660000,2359.78309200,sell,2022-05-15 20:24:29.683690+00:00
2022-05-15T20:24:29.424215Z,14449497,0.16650000,820.00000000,sell,2022-05-15 20:24:29.424215+00:00
2022-05-15T20:24:29.424215Z,14449496,0.16650000,2034.94879500,sell,2022-05-15 20:24:29.424215+00:00
2022-05-15T20:24:29.221828Z,14449495,0.16640000,79.99997500,sell,2022-05-15 20:24:29.221828+00:00
2022-05-15T20:24:29.221828Z,14449494,0.16640000,820.00000000,sell,2022-05-15 20:24:29.221828+00:00
2022-05-15T20:24:29.221828Z,14449493,0.16640000,6.00960000,sell,2022-05-15 20:24:29.221828+00:00
2022-05-15T20:24:29.221828Z,14449492,0.16640000,2136.16202500,sell,2022-05-15 20:24:29.221828+00:00
2022-05-15T20:24:27.561518Z,14449491,0.16620000,32.00000000,sell,2022-05-15 20:24:27.561518+00:00
2022-05-15T20:24:24.01728Z,14449490,0.16610000,1492.00462400,sell,2022-05-15 20:24:24.017280+00:00
2022-05-15T20:24:02.513898Z,14449489,0.16570000,6.03500000,sell,2022-05-15 20:24:02.513898+00:00
2022-05-15T20:23:23.084071Z,14449488,0.16530000,1600.00000000,sell,2022-05-15 20:23:23.084071+00:00
2022-05-15T20:22:48.269541Z,14449487,0.16520000,1600.00000000,sell,2022-05-15 20:22:48.269541+00:00
2022-05-15T20:22:43.187986Z,14449486,0.16500000,6.06060000,buy,2022-05-15 20:22:43.187986+00:00
2022-05-15T20:22:42.276785Z,14449485,0.16510000,1200.00000000,buy,2022-05-15 20:22:42.276785+00:00
2022-05-15T20:22:42.243555Z,14449484,0.16510000,1200.00000000,buy,2022-05-15 20:22:42.243555+00:00
2022-05-15T20:22:32.719566Z,14449483,0.16530000,0.24136000,buy,2022-05-15 20:22:32.719566+00:00
2022-05-15T20:22:32.432498Z,14449482,0.16530000,1616.00000000,buy,2022-05-15 20:22:32.432498+00:00
2022-05-15T20:22:07.082143Z,14449481,0.16560000,495.29399300,buy,2022-05-15 20:22:07.082143+00:00
2022-05-15T20:22:07.082143Z,14449480,0.16560000,820.00000000,buy,2022-05-15 20:22:07.082143+00:00
2022-05-15T20:22:07.082143Z,14449479,0.16560000,1600.00000000,buy,2022-05-15 20:22:07.082143+00:00
2022-05-15T20:22:07.082143Z,14449478,0.16570000,80.00000000,buy,2022-05-15 20:22:07.082143+00:00
2022-05-15T20:22:07.082143Z,14449477,0.16570000,1600.00000000,buy,2022-05-15 20:22:07.082143+00:00
2022-05-15T20:22:07.082143Z,14449476,0.16570000,820.00000000,buy,2022-05-15 20:22:07.082143+00:00
2022-05-15T20:21:50.998596Z,14449475,0.16560000,80.00000000,buy,2022-05-15 20:21:50.998596+00:00
2022-05-15T20:21:50.998596Z,14449474,0.16560000,15000.00000000,buy,2022-05-15 20:21:50.998596+00:00
2022-05-15T20:21:50.998596Z,14449473,0.16560000,820.00000000,buy,2022-05-15 20:21:50.998596+00:00
2022-05-15T20:21:44.813865Z,14449472,0.16590000,299.88694300,sell,2022-05-15 20:21:44.813865+00:00
2022-05-15T20:21:02.476255Z,14449471,0.16580000,2405.56140000,sell,2022-05-15 20:21:02.476255+00:00
2022-05-15T20:20:42.446956Z,14449470,0.16530000,1250.00000000,buy,2022-05-15 20:20:42.446956+00:00
2022-05-15T20:20:07.861387Z,14449469,0.16530000,0.99213500,buy,2022-05-15 20:20:07.861387+00:00
2022-05-15T20:20:07.512389Z,14449468,0.16530000,120.00000000,buy,2022-05-15 20:20:07.512389+00:00
2022-05-15T20:19:52.52658Z,14449467,0.16530000,1250.00000000,buy,2022-05-15 20:19:52.526580+00:00
2022-05-15T20:19:01.525601Z,14449466,0.16550000,5210.23560100,sell,2022-05-15 20:19:01.525601+00:00
2022-05-15T20:19:01.525601Z,14449465,0.16550000,820.00000000,sell,2022-05-15 20:19:01.525601+00:00
2022-05-15T20:18:40.051581Z,14449464,0.16540000,15.00000000,sell,2022-05-15 20:18:40.051581+00:00
2022-05-15T20:18:04.52593Z,14449463,0.16540000,120.84592100,sell,2022-05-15 20:18:04.525930+00:00
2022-05-15T20:17:33.755351Z,14449462,0.16550000,54.10132700,sell,2022-05-15 20:17:33.755351+00:00
2022-05-15T20:16:41.348177Z,14449461,0.16580000,1600.00000000,buy,2022-05-15 20:16:41.348177+00:00
2022-05-15T20:16:36.573706Z,14449460,0.16590000,1600.00000000,buy,2022-05-15 20:16:36.573706+00:00
2022-05-15T20:16:28.238537Z,14449459,0.16570000,80.00000000,sell,2022-05-15 20:16:28.238537+00:00
2022-05-15T20:16:28.238537Z,14449458,0.16570000,6.03500000,sell,2022-05-15 20:16:28.238537+00:00
2022-05-15T20:16:28.238537Z,14449457,0.16570000,1213.57572300,sell,2022-05-15 20:16:28.238537+00:00
2022-05-15T20:16:27.963877Z,14449456,0.16560000,820.00000000,sell,2022-05-15 20:16:27.963877+00:00
2022-05-15T20:16:27.963877Z,14449455,0.16560000,2278.61790700,sell,2022-05-15 20:16:27.963877+00:00
2022-05-15T20:16:27.804693Z,14449454,0.16550000,820.00000000,sell,2022-05-15 20:16:27.804693+00:00
2022-05-15T20:16:21.447461Z,14449453,0.16540000,72.00000000,sell,2022-05-15 20:16:21.447461+00:00
2022-05-15T20:16:15.78886Z,14449452,0.16500000,3.26831000,buy,2022-05-15 20:16:15.788860+00:00
2022-05-15T20:16:15.78886Z,14449451,0.16500000,6.06060000,buy,2022-05-15 20:16:15.788860+00:00
2022-05-15T20:15:19.28275Z,14449450,0.16570000,1600.00000000,sell,2022-05-15 20:15:19.282750+00:00
2022-05-15T20:15:11.011865Z,14449449,0.16560000,405.95251200,buy,2022-05-15 20:15:11.011865+00:00
2022-05-15T20:15:11.011865Z,14449448,0.16570000,1200.00000000,buy,2022-05-15 20:15:11.011865+00:00
2022-05-15T20:15:11.011865Z,14449447,0.16580000,6305.45830800,buy,2022-05-15 20:15:11.011865+00:00
2022-05-15T20:15:07.549765Z,14449446,0.16610000,1600.00000000,buy,2022-05-15 20:15:07.549765+00:00
2022-05-15T20:15:05.106072Z,14449445,0.16600000,80.00000000,sell,2022-05-15 20:15:05.106072+00:00
2022-05-15T20:14:18.674353Z,14449444,0.16580000,1600.00000000,buy,2022-05-15 20:14:18.674353+00:00
2022-05-15T20:14:18.416182Z,14449443,0.16580000,0.89509800,buy,2022-05-15 20:14:18.416182+00:00
2022-05-15T20:14:18.3904Z,14449442,0.16590000,1599.80524500,sell,2022-05-15 20:14:18.390400+00:00
2022-05-15T20:14:18.3904Z,14449441,0.16590000,2026.19475500,sell,2022-05-15 20:14:18.390400+00:00
2022-05-15T20:14:14.661209Z,14449440,0.16580000,15.00000000,buy,2022-05-15 20:14:14.661209+00:00
2022-05-15T20:14:14.647599Z,14449439,0.16570000,0.03500000,sell,2022-05-15 20:14:14.647599+00:00
2022-05-15T20:14:14.5657Z,14449438,0.16570000,6.00000000,sell,2022-05-15 20:14:14.565700+00:00
2022-05-15T20:14:11.423058Z,14449437,0.16560000,6250.00000100,sell,2022-05-15 20:14:11.423058+00:00
2022-05-15T20:14:11.422449Z,14449436,0.16560000,8749.99999900,sell,2022-05-15 20:14:11.422449+00:00
2022-05-15T20:14:10.227324Z,14449435,0.16530000,37.41979400,buy,2022-05-15 20:14:10.227324+00:00
2022-05-15T20:14:08.109449Z,14449434,0.16540000,1600.00000000,buy,2022-05-15 20:14:08.109449+00:00
2022-05-15T20:14:02.521692Z,14449433,0.16520000,413.69252900,sell,2022-05-15 20:14:02.521692+00:00
2022-05-15T20:14:02.521692Z,14449432,0.16520000,2429.38947100,sell,2022-05-15 20:14:02.521692+00:00
2022-05-15T20:13:58.056095Z,14449431,0.16500000,1.00000000,sell,2022-05-15 20:13:58.056095+00:00
2022-05-15T20:13:56.071646Z,14449430,0.16510000,211.22510600,sell,2022-05-15 20:13:56.071646+00:00
2022-05-15T20:13:41.220815Z,14449429,0.16510000,0.00000100,sell,2022-05-15 20:13:41.220815+00:00
2022-05-15T20:13:37.229309Z,14449428,0.16510000,3999.99999900,sell,2022-05-15 20:13:37.229309+00:00
2022-05-15T20:13:36.473072Z,14449427,0.16460000,1600.00000000,sell,2022-05-15 20:13:36.473072+00:00
2022-05-15T20:13:36.364089Z,14449426,0.16460000,1600.00000000,sell,2022-05-15 20:13:36.364089+00:00
2022-05-15T20:13:36.271377Z,14449425,0.16460000,1600.00000000,sell,2022-05-15 20:13:36.271377+00:00
2022-05-15T20:13:36.155997Z,14449424,0.16460000,1600.00000000,sell,2022-05-15 20:13:36.155997+00:00
2022-05-15T20:13:36.050862Z,14449423,0.16460000,1488.56624300,sell,2022-05-15 20:13:36.050862+00:00
2022-05-15T20:13:36.0445Z,14449422,0.16460000,111.43375700,sell,2022-05-15 20:13:36.044500+00:00
2022-05-15T20:13:35.955062Z,14449421,0.16460000,1600.00000000,sell,2022-05-15 20:13:35.955062+00:00
2022-05-15T20:13:35.842994Z,14449420,0.16460000,1600.00000000,sell,2022-05-15 20:13:35.842994+00:00
2022-05-15T20:13:35.743156Z,14449419,0.16460000,1600.00000000,sell,2022-05-15 20:13:35.743156+00:00
2022-05-15T20:13:35.394708Z,14449418,0.16460000,1600.00000000,sell,2022-05-15 20:13:35.394708+00:00
2022-05-15T20:13:33.963726Z,14449417,0.16470000,2680.88570000,buy,2022-05-15 20:13:33.963726+00:00
2022-05-15T20:13:33.963726Z,14449416,0.16480000,80.00000000,buy,2022-05-15 20:13:33.963726+00:00
2022-05-15T20:13:33.963726Z,14449415,0.16500000,0.06060000,buy,2022-05-15 20:13:33.963726+00:00
2022-05-15T20:13:33.899668Z,14449414,0.16500000,6.00000000,buy,2022-05-15 20:13:33.899668+00:00
2022-05-15T20:13:28.243043Z,14449413,0.16520000,15.96611900,buy,2022-05-15 20:13:28.243043+00:00
2022-05-15T20:13:28.243043Z,14449412,0.16530000,3310.53400000,buy,2022-05-15 20:13:28.243043+00:00
2022-05-15T20:13:20.018065Z,14449411,0.16570000,0.03500000,buy,2022-05-15 20:13:20.018065+00:00
2022-05-15T20:13:18.405597Z,14449410,0.16570000,6.00000000,buy,2022-05-15 20:13:18.405597+00:00
2022-05-15T20:13:17.790067Z,14449409,0.16590000,749.00000000,buy,2022-05-15 20:13:17.790067+00:00
2022-05-15T20:13:17.133186Z,14449408,0.16600000,959.00000000,buy,2022-05-15 20:13:17.133186+00:00
2022-05-15T20:13:17.108881Z,14449407,0.16620000,0.65307700,buy,2022-05-15 20:13:17.108881+00:00
2022-05-15T20:13:17.083302Z,14449406,0.16620000,352.26234000,buy,2022-05-15 20:13:17.083302+00:00
2022-05-15T20:13:17.083302Z,14449405,0.16620000,341.73766000,buy,2022-05-15 20:13:17.083302+00:00
2022-05-15T20:13:16.640454Z,14449404,0.16610000,505.55170100,buy,2022-05-15 20:13:16.640454+00:00
2022-05-15T20:13:16.640454Z,14449403,0.16610000,882.28854300,buy,2022-05-15 20:13:16.640454+00:00
2022-05-15T20:13:16.640454Z,14449402,0.16610000,341.73766000,buy,2022-05-15 20:13:16.640454+00:00
2022-05-15T20:13:12.665832Z,14449401,0.16590000,0.42570500,sell,2022-05-15 20:13:12.665832+00:00
2022-05-15T20:13:08.038318Z,14449400,0.16570000,406.00000000,buy,2022-05-15 20:13:08.038318+00:00
2022-05-15T20:13:07.019251Z,14449399,0.16590000,4.00000000,sell,2022-05-15 20:13:07.019251+00:00
2022-05-15T20:13:06.164635Z,14449398,0.16570000,0.11120000,sell,2022-05-15 20:13:06.164635+00:00
2022-05-15T20:13:05.64408Z,14449397,0.16570000,335.00000000,sell,2022-05-15 20:13:05.644080+00:00
2022-05-15T20:12:56.665053Z,14449396,0.16510000,1199.99999900,buy,2022-05-15 20:12:56.665053+00:00
2022-05-15T20:12:56.665053Z,14449395,0.16510000,29.00000000,buy,2022-05-15 20:12:56.665053+00:00
2022-05-15T20:12:56.665053Z,14449394,0.16510000,820.00000000,buy,2022-05-15 20:12:56.665053+00:00
2022-05-15T20:12:56.665053Z,14449393,0.16520000,1300.00000000,buy,2022-05-15 20:12:56.665053+00:00
2022-05-15T20:12:56.665053Z,14449392,0.16520000,820.00000000,buy,2022-05-15 20:12:56.665053+00:00
2022-05-15T20:12:56.414394Z,14449391,0.16520000,1279.00000200,sell,2022-05-15 20:12:56.414394+00:00
2022-05-15T20:12:56.252396Z,14449390,0.16520000,4999.99999900,sell,2022-05-15 20:12:56.252396+00:00
2022-05-15T20:12:56.134426Z,14449389,0.16520000,8720.99999900,sell,2022-05-15 20:12:56.134426+00:00
2022-05-15T20:12:56.134426Z,14449388,0.16510000,29.00000000,sell,2022-05-15 20:12:56.134426+00:00
2022-05-15T20:12:54.736924Z,14449387,0.16500000,9.20000000,sell,2022-05-15 20:12:54.736924+00:00
2022-05-15T20:12:49.772209Z,14449386,0.16440000,30.00000000,sell,2022-05-15 20:12:49.772209+00:00
2022-05-15T20:12:32.845083Z,14449385,0.16430000,6.08640000,sell,2022-05-15 20:12:32.845083+00:00
2022-05-15T20:12:19.912731Z,14449384,0.16410000,1200.00000000,buy,2022-05-15 20:12:19.912731+00:00
2022-05-15T20:12:18.405092Z,14449383,0.16410000,7844.90008000,sell,2022-05-15 20:12:18.405092+00:00
2022-05-15T20:12:18.375383Z,14449382,0.16410000,1600.00000000,sell,2022-05-15 20:12:18.375383+00:00
2022-05-15T20:11:48.062805Z,14449381,0.16390000,102.35114300,buy,2022-05-15 20:11:48.062805+00:00
2022-05-15T20:11:29.175911Z,14449380,0.16390000,800.57829600,sell,2022-05-15 20:11:29.175911+00:00
2022-05-15T20:11:29.175911Z,14449379,0.16390000,2131.16364300,sell,2022-05-15 20:11:29.175911+00:00
2022-05-15T20:11:29.175911Z,14449378,0.16390000,6651.98969400,sell,2022-05-15 20:11:29.175911+00:00
2022-05-15T20:11:29.175911Z,14449377,0.16390000,820.00000000,sell,2022-05-15 20:11:29.175911+00:00
2022-05-15T20:11:29.175911Z,14449376,0.16380000,820.00000000,sell,2022-05-15 20:11:29.175911+00:00
2022-05-15T20:11:29.175911Z,14449375,0.16380000,1600.00000000,sell,2022-05-15 20:11:29.175911+00:00
2022-05-15T20:11:29.175911Z,14449374,0.16380000,2396.57589600,sell,2022-05-15 20:11:29.175911+00:00
2022-05-15T20:11:25.016539Z,14449373,0.16340000,1419.93670400,buy,2022-05-15 20:11:25.016539+00:00
2022-05-15T20:11:25.016539Z,14449372,0.16340000,820.00000000,buy,2022-05-15 20:11:25.016539+00:00
2022-05-15T20:11:25.016539Z,14449371,0.16350000,1250.00000000,buy,2022-05-15 20:11:25.016539+00:00
2022-05-15T20:11:25.016539Z,14449370,0.16350000,820.00000000,buy,2022-05-15 20:11:25.016539+00:00
2022-05-15T20:11:25.016539Z,14449369,0.16350000,9444.90008000,buy,2022-05-15 20:11:25.016539+00:00
2022-05-15T20:11:25.016539Z,14449368,0.16360000,1561.28899600,buy,2022-05-15 20:11:25.016539+00:00
2022-05-15T20:10:59.720854Z,14449367,0.16360000,36.60077900,buy,2022-05-15 20:10:59.720854+00:00
2022-05-15T20:10:58.489482Z,14449366,0.16360000,2.11022500,buy,2022-05-15 20:10:58.489482+00:00
2022-05-15T20:10:32.431193Z,14449365,0.16360000,1250.00000000,buy,2022-05-15 20:10:32.431193+00:00
2022-05-15T20:10:08.707268Z,14449364,0.16380000,13.00000000,sell,2022-05-15 20:10:08.707268+00:00
2022-05-15T20:09:49.108987Z,14449363,0.16360000,36.55782700,buy,2022-05-15 20:09:49.108987+00:00
2022-05-15T20:09:15.325793Z,14449362,0.16370000,1600.00000000,buy,2022-05-15 20:09:15.325793+00:00
2022-05-15T20:08:27.861867Z,14449361,0.16400000,54.69512200,sell,2022-05-15 20:08:27.861867+00:00
2022-05-15T20:08:10.550393Z,14449360,0.16370000,1.64949300,buy,2022-05-15 20:08:10.550393+00:00
2022-05-15T20:07:28.937936Z,14449359,0.16370000,1468.00000000,sell,2022-05-15 20:07:28.937936+00:00
2022-05-15T20:07:13.158814Z,14449358,0.16370000,124.66683100,sell,2022-05-15 20:07:13.158814+00:00
2022-05-15T20:07:02.974114Z,14449357,0.16370000,7.32399700,sell,2022-05-15 20:07:02.974114+00:00
2022-05-15T20:06:26.841055Z,14449356,0.16360000,114.14983300,buy,2022-05-15 20:06:26.841055+00:00
2022-05-15T20:06:26.841055Z,14449355,0.16360000,6.11250000,buy,2022-05-15 20:06:26.841055+00:00
2022-05-15T20:06:03.971748Z,14449354,0.16380000,2.00000000,buy,2022-05-15 20:06:03.971748+00:00
2022-05-15T20:05:54.084453Z,14449353,0.16380000,22632.29892000,buy,2022-05-15 20:05:54.084453+00:00
2022-05-15T20:05:54.084453Z,14449352,0.16380000,166.69578000,buy,2022-05-15 20:05:54.084453+00:00
2022-05-15T20:05:54.079335Z,14449351,0.16380000,9278.20430000,buy,2022-05-15 20:05:54.079335+00:00
2022-05-15T20:05:27.064182Z,14449350,0.16400000,14.00000000,buy,2022-05-15 20:05:27.064182+00:00
2022-05-15T20:05:08.037657Z,14449349,0.16420000,6.12282400,sell,2022-05-15 20:05:08.037657+00:00
2022-05-15T20:04:49.844024Z,14449348,0.16420000,30.66119000,buy,2022-05-15 20:04:49.844024+00:00
2022-05-15T20:04:40.628494Z,14449347,0.16410000,858.55790500,buy,2022-05-15 20:04:40.628494+00:00
2022-05-15T20:04:40.628494Z,14449346,0.16410000,820.00000000,buy,2022-05-15 20:04:40.628494+00:00
2022-05-15T20:04:40.628494Z,14449345,0.16420000,2263.71641900,buy,2022-05-15 20:04:40.628494+00:00
2022-05-15T20:04:40.628494Z,14449344,0.16420000,80.00000000,buy,2022-05-15 20:04:40.628494+00:00
2022-05-15T20:04:40.628494Z,14449343,0.16420000,820.00000000,buy,2022-05-15 20:04:40.628494+00:00
2022-05-15T20:04:40.628494Z,14449342,0.16420000,1600.00000000,buy,2022-05-15 20:04:40.628494+00:00
2022-05-15T20:04:31.921884Z,14449341,0.16420000,1600.00000000,buy,2022-05-15 20:04:31.921884+00:00
2022-05-15T20:04:31.88645Z,14449340,0.16420000,1600.00000000,buy,2022-05-15 20:04:31.886450+00:00
2022-05-15T20:04:31.846069Z,14449339,0.16430000,819.91360000,sell,2022-05-15 20:04:31.846069+00:00
2022-05-15T20:04:31.846069Z,14449338,0.16430000,0.08640000,sell,2022-05-15 20:04:31.846069+00:00
2022-05-15T20:04:31.798033Z,14449337,0.16400000,975.63405500,buy,2022-05-15 20:04:31.798033+00:00
2022-05-15T20:04:31.798033Z,14449336,0.16400000,12650.00000000,buy,2022-05-15 20:04:31.798033+00:00
2022-05-15T20:04:31.798033Z,14449335,0.16400000,453.85932800,buy,2022-05-15 20:04:31.798033+00:00
2022-05-15T20:04:31.798033Z,14449334,0.16400000,1200.00000000,buy,2022-05-15 20:04:31.798033+00:00
2022-05-15T20:04:31.798033Z,14449333,0.16400000,2370.17553800,buy,2022-05-15 20:04:31.798033+00:00
2022-05-15T20:04:31.798033Z,14449332,0.16400000,820.00000000,buy,2022-05-15 20:04:31.798033+00:00
2022-05-15T20:04:31.798033Z,14449331,0.16410000,402.09200400,buy,2022-05-15 20:04:31.798033+00:00
2022-05-15T20:04:31.798033Z,14449330,0.16410000,6432.35992600,buy,2022-05-15 20:04:31.798033+00:00
2022-05-15T20:04:31.798033Z,14449329,0.16410000,1250.00000000,buy,2022-05-15 20:04:31.798033+00:00
2022-05-15T20:04:31.798033Z,14449328,0.16410000,820.00000000,buy,2022-05-15 20:04:31.798033+00:00
2022-05-15T20:04:31.798033Z,14449327,0.16410000,800.00000000,buy,2022-05-15 20:04:31.798033+00:00
2022-05-15T20:04:31.798033Z,14449326,0.16410000,2095.95397600,buy,2022-05-15 20:04:31.798033+00:00
2022-05-15T20:04:31.798033Z,14449325,0.16410000,1600.00000000,buy,2022-05-15 20:04:31.798033+00:00
2022-05-15T20:04:31.798033Z,14449324,0.16420000,3332.71175600,buy,2022-05-15 20:04:31.798033+00:00
2022-05-15T20:04:31.798033Z,14449323,0.16420000,1600.00000000,buy,2022-05-15 20:04:31.798033+00:00
2022-05-15T20:04:31.798033Z,14449322,0.16420000,900.00000000,buy,2022-05-15 20:04:31.798033+00:00
2022-05-15T20:04:31.798033Z,14449321,0.16420000,820.00000000,buy,2022-05-15 20:04:31.798033+00:00
2022-05-15T20:04:28.098482Z,14449320,0.16430000,6.00000000,sell,2022-05-15 20:04:28.098482+00:00
2022-05-15T20:04:00.124182Z,14449319,0.16400000,20.97047100,sell,2022-05-15 20:04:00.124182+00:00
2022-05-15T20:03:56.298872Z,14449318,0.16370000,1295.00000000,buy,2022-05-15 20:03:56.298872+00:00
2022-05-15T20:03:25.401175Z,14449317,0.16370000,2.71753800,buy,2022-05-15 20:03:25.401175+00:00
2022-05-15T20:02:59.110133Z,14449316,0.16350000,1600.00000000,sell,2022-05-15 20:02:59.110133+00:00
2022-05-15T20:02:22.531022Z,14449315,0.16360000,6.11250000,buy,2022-05-15 20:02:22.531022+00:00
2022-05-15T20:01:48.33577Z,14449314,0.16410000,1600.00000000,sell,2022-05-15 20:01:48.335770+00:00
2022-05-15T20:01:48.22148Z,14449313,0.16410000,1600.00000000,sell,2022-05-15 20:01:48.221480+00:00
2022-05-15T20:01:37.561474Z,14449312,0.16430000,586.07992200,sell,2022-05-15 20:01:37.561474+00:00
2022-05-15T20:00:26.52593Z,14449311,0.16450000,231.31626800,sell,2022-05-15 20:00:26.525930+00:00
2022-05-15T20:00:26.52593Z,14449310,0.16450000,820.00000000,sell,2022-05-15 20:00:26.525930+00:00
2022-05-15T20:00:26.52593Z,14449309,0.16440000,820.00000000,sell,2022-05-15 20:00:26.525930+00:00
2022-05-15T20:00:26.52593Z,14449308,0.16440000,100.00000000,sell,2022-05-15 20:00:26.525930+00:00
2022-05-15T20:00:19.42308Z,14449307,0.16440000,1500.00000000,sell,2022-05-15 20:00:19.423080+00:00
2022-05-15T20:00:11.745297Z,14449306,0.16410000,1.26074000,buy,2022-05-15 20:00:11.745297+00:00
2022-05-15T19:59:24.315706Z,14449305,0.16410000,900.00000000,buy,2022-05-15 19:59:24.315706+00:00
2022-05-15T19:59:08.551936Z,14449304,0.16400000,19.00000000,buy,2022-05-15 19:59:08.551936+00:00
2022-05-15T19:59:05.510078Z,14449303,0.16400000,24.31634600,buy,2022-05-15 19:59:05.510078+00:00
2022-05-15T19:58:51.621083Z,14449302,0.16430000,0.08640000,sell,2022-05-15 19:58:51.621083+00:00
2022-05-15T19:58:48.070892Z,14449301,0.16410000,18.00000000,sell,2022-05-15 19:58:48.070892+00:00
2022-05-15T19:58:16.40399Z,14449300,0.16380000,1.17406400,buy,2022-05-15 19:58:16.403990+00:00
2022-05-15T19:56:09.854278Z,14449299,0.16370000,79.55953500,sell,2022-05-15 19:56:09.854278+00:00
2022-05-15T19:54:03.671462Z,14449298,0.16340000,1385.00000000,buy,2022-05-15 19:54:03.671462+00:00
2022-05-15T19:54:03.656232Z,14449297,0.16350000,820.00000000,sell,2022-05-15 19:54:03.656232+00:00
2022-05-15T19:54:03.641613Z,14449296,0.16350000,820.00000000,sell,2022-05-15 19:54:03.641613+00:00
2022-05-15T19:54:03.625625Z,14449295,0.16350000,820.00000000,sell,2022-05-15 19:54:03.625625+00:00
2022-05-15T19:54:03.610132Z,14449294,0.16350000,820.00000000,sell,2022-05-15 19:54:03.610132+00:00
2022-05-15T19:54:03.576042Z,14449293,0.16350000,140.68600500,sell,2022-05-15 19:54:03.576042+00:00
2022-05-15T19:54:03.576042Z,14449292,0.16350000,1165.83120500,sell,2022-05-15 19:54:03.576042+00:00
2022-05-15T19:54:03.54937Z,14449291,0.16350000,13527.20773600,sell,2022-05-15 19:54:03.549370+00:00
2022-05-15T19:54:03.54937Z,14449290,0.16350000,820.00000000,sell,2022-05-15 19:54:03.549370+00:00
2022-05-15T19:54:03.54937Z,14449289,0.16350000,1600.00000000,sell,2022-05-15 19:54:03.549370+00:00
2022-05-15T19:54:03.54937Z,14449288,0.16340000,6677.39826900,sell,2022-05-15 19:54:03.549370+00:00
2022-05-15T19:54:03.54937Z,14449287,0.16340000,5435.45066800,sell,2022-05-15 19:54:03.549370+00:00
2022-05-15T19:54:03.54937Z,14449286,0.16340000,820.00000000,sell,2022-05-15 19:54:03.549370+00:00
2022-05-15T19:54:03.54937Z,14449285,0.16330000,1589.00000000,sell,2022-05-15 19:54:03.549370+00:00
2022-05-15T19:53:42.596923Z,14449284,0.16330000,11.00000000,sell,2022-05-15 19:53:42.596923+00:00
2022-05-15T19:52:42.771147Z,14449283,0.16340000,7.00000000,buy,2022-05-15 19:52:42.771147+00:00
2022-05-15T19:52:16.214963Z,14449282,0.16400000,276.64216300,sell,2022-05-15 19:52:16.214963+00:00
2022-05-15T19:52:16.214963Z,14449281,0.16400000,1545.33820800,sell,2022-05-15 19:52:16.214963+00:00
2022-05-15T19:51:24.523782Z,14449280,0.16400000,54.66179200,sell,2022-05-15 19:51:24.523782+00:00
2022-05-15T19:51:10.775368Z,14449279,0.16400000,2480.00000000,sell,2022-05-15 19:51:10.775368+00:00
2022-05-15T19:48:35.266305Z,14449278,0.16390000,2.00000000,buy,2022-05-15 19:48:35.266305+00:00
2022-05-15T19:48:28.871182Z,14449277,0.16400000,94.05553300,buy,2022-05-15 19:48:28.871182+00:00
2022-05-15T19:48:28.871182Z,14449276,0.16400000,608.53658500,buy,2022-05-15 19:48:28.871182+00:00
2022-05-15T19:47:20.696007Z,14449275,0.16390000,40.00000000,sell,2022-05-15 19:47:20.696007+00:00
2022-05-15T19:46:51.736474Z,14449274,0.16400000,122.56600400,buy,2022-05-15 19:46:51.736474+00:00
2022-05-15T19:46:51.549818Z,14449273,0.16410000,1600.00000000,buy,2022-05-15 19:46:51.549818+00:00
2022-05-15T19:46:51.06938Z,14449272,0.16420000,1600.00000000,buy,2022-05-15 19:46:51.069380+00:00
2022-05-15T19:46:50.973045Z,14449271,0.16420000,819.10000000,buy,2022-05-15 19:46:50.973045+00:00
2022-05-15T19:46:50.973045Z,14449270,0.16420000,657.90000000,buy,2022-05-15 19:46:50.973045+00:00
2022-05-15T19:46:50.681697Z,14449269,0.16420000,942.10000000,buy,2022-05-15 19:46:50.681697+00:00
2022-05-15T19:46:49.773253Z,14449268,0.16430000,6.00000000,sell,2022-05-15 19:46:49.773253+00:00
2022-05-15T19:46:46.073976Z,14449267,0.16420000,1600.00000000,buy,2022-05-15 19:46:46.073976+00:00
2022-05-15T19:46:02.509594Z,14449266,0.16370000,24.26142300,sell,2022-05-15 19:46:02.509594+00:00
2022-05-15T19:46:02.509594Z,14449265,0.16360000,0.11250000,sell,2022-05-15 19:46:02.509594+00:00
2022-05-15T19:45:26.449516Z,14449264,0.16360000,6.00000000,sell,2022-05-15 19:45:26.449516+00:00
2022-05-15T19:44:27.62216Z,14449263,0.16310000,11.00000000,buy,2022-05-15 19:44:27.622160+00:00
2022-05-15T19:43:26.556449Z,14449262,0.16330000,1600.00000000,buy,2022-05-15 19:43:26.556449+00:00
2022-05-15T19:43:21.189354Z,14449261,0.16330000,1200.00000000,buy,2022-05-15 19:43:21.189354+00:00
2022-05-15T19:43:21.189354Z,14449260,0.16330000,1600.00000000,buy,2022-05-15 19:43:21.189354+00:00
2022-05-15T19:43:20.496067Z,14449259,0.16330000,4873.70000000,sell,2022-05-15 19:43:20.496067+00:00
2022-05-15T19:43:14.232333Z,14449258,0.16320000,1100.00000000,buy,2022-05-15 19:43:14.232333+00:00
2022-05-15T19:43:14.232333Z,14449257,0.16320000,1600.00000000,buy,2022-05-15 19:43:14.232333+00:00
2022-05-15T19:42:08.517353Z,14449256,0.16290000,1600.00000000,sell,2022-05-15 19:42:08.517353+00:00
2022-05-15T19:42:08.487756Z,14449255,0.16290000,1600.00000000,sell,2022-05-15 19:42:08.487756+00:00
2022-05-15T19:42:06.43462Z,14449254,0.16300000,0.00004100,buy,2022-05-15 19:42:06.434620+00:00
2022-05-15T19:42:03.815716Z,14449253,0.16300000,17.06840000,buy,2022-05-15 19:42:03.815716+00:00
2022-05-15T19:41:50.025878Z,14449252,0.16320000,12.47607400,sell,2022-05-15 19:41:50.025878+00:00
2022-05-15T19:41:18.238475Z,14449251,0.16330000,1141.04737200,sell,2022-05-15 19:41:18.238475+00:00
2022-05-15T19:41:18.238475Z,14449250,0.16330000,80.00000000,sell,2022-05-15 19:41:18.238475+00:00
2022-05-15T19:41:11.759822Z,14449249,0.16300000,1250.00000000,buy,2022-05-15 19:41:11.759822+00:00
2022-05-15T19:40:20.575156Z,14449248,0.16320000,292.71534500,sell,2022-05-15 19:40:20.575156+00:00
2022-05-15T19:39:00.799496Z,14449247,0.16330000,217.36869100,sell,2022-05-15 19:39:00.799496+00:00
2022-05-15T19:37:46.794795Z,14449246,0.16320000,17.00000000,sell,2022-05-15 19:37:46.794795+00:00
2022-05-15T19:36:46.917384Z,14449245,0.16320000,4.29184500,buy,2022-05-15 19:36:46.917384+00:00
2022-05-15T19:36:35.502153Z,14449244,0.16320000,50.03000000,buy,2022-05-15 19:36:35.502153+00:00
2022-05-15T19:36:31.4655Z,14449243,0.16340000,149.26560600,sell,2022-05-15 19:36:31.465500+00:00
2022-05-15T19:36:07.307035Z,14449242,0.16340000,304.47517600,sell,2022-05-15 19:36:07.307035+00:00
2022-05-15T19:35:26.952543Z,14449241,0.16320000,292.70833300,sell,2022-05-15 19:35:26.952543+00:00
2022-05-15T19:35:18.14333Z,14449240,0.16320000,112.86764700,sell,2022-05-15 19:35:18.143330+00:00
2022-05-15T19:35:07.584866Z,14449239,0.16330000,14.72283500,sell,2022-05-15 19:35:07.584866+00:00
2022-05-15T19:35:07.584866Z,14449238,0.16320000,3.08217000,sell,2022-05-15 19:35:07.584866+00:00
2022-05-15T19:34:46.086008Z,14449237,0.16300000,57.23711700,buy,2022-05-15 19:34:46.086008+00:00
2022-05-15T19:34:42.632056Z,14449236,0.16320000,9.08255500,sell,2022-05-15 19:34:42.632056+00:00
2022-05-15T19:34:42.632056Z,14449235,0.16320000,19.15456200,sell,2022-05-15 19:34:42.632056+00:00
2022-05-15T19:34:42.632056Z,14449234,0.16310000,29.00000000,sell,2022-05-15 19:34:42.632056+00:00
2022-05-15T19:34:40.021873Z,14449233,0.16290000,0.13870000,sell,2022-05-15 19:34:40.021873+00:00
2022-05-15T19:33:45.377249Z,14449232,0.16270000,4266.71288400,buy,2022-05-15 19:33:45.377249+00:00
2022-05-15T19:33:21.315268Z,14449231,0.16270000,16.55840200,buy,2022-05-15 19:33:21.315268+00:00
2022-05-15T19:32:21.788895Z,14449230,0.16290000,6.00000000,sell,2022-05-15 19:32:21.788895+00:00
2022-05-15T19:30:06.677772Z,14449229,0.16210000,1000.00000000,buy,2022-05-15 19:30:06.677772+00:00
2022-05-15T19:29:51.74336Z,14449228,0.16210000,99.97760100,buy,2022-05-15 19:29:51.743360+00:00
2022-05-15T19:28:06.693162Z,14449227,0.16260000,73.47269100,sell,2022-05-15 19:28:06.693162+00:00
2022-05-15T19:27:57.450894Z,14449226,0.16250000,1200.00000000,sell,2022-05-15 19:27:57.450894+00:00
2022-05-15T19:27:57.280171Z,14449225,0.16240000,900.00000000,sell,2022-05-15 19:27:57.280171+00:00
2022-05-15T19:27:57.280171Z,14449224,0.16240000,1600.00000000,sell,2022-05-15 19:27:57.280171+00:00
2022-05-15T19:27:55.037915Z,14449223,0.16240000,13.00000000,buy,2022-05-15 19:27:55.037915+00:00
2022-05-15T19:26:21.696182Z,14449222,0.16240000,4.55361800,buy,2022-05-15 19:26:21.696182+00:00
2022-05-15T19:25:12.821775Z,14449221,0.16260000,171.29686500,sell,2022-05-15 19:25:12.821775+00:00
2022-05-15T19:23:16.439483Z,14449220,0.16240000,50.00000000,sell,2022-05-15 19:23:16.439483+00:00
2022-05-15T19:22:49.232529Z,14449219,0.16240000,12.23892800,sell,2022-05-15 19:22:49.232529+00:00
2022-05-15T19:22:46.413977Z,14449218,0.16240000,7483.66816800,buy,2022-05-15 19:22:46.413977+00:00
2022-05-15T19:22:46.40656Z,14449217,0.16240000,1187.00000000,buy,2022-05-15 19:22:46.406560+00:00
2022-05-15T19:22:46.40656Z,14449216,0.16240000,13.00000000,buy,2022-05-15 19:22:46.406560+00:00
2022-05-15T19:22:46.40656Z,14449215,0.16240000,50.00000000,buy,2022-05-15 19:22:46.406560+00:00
2022-05-15T19:22:35.653629Z,14449214,0.16260000,5.50297700,sell,2022-05-15 19:22:35.653629+00:00
2022-05-15T19:20:19.781375Z,14449213,0.16280000,61.61704100,sell,2022-05-15 19:20:19.781375+00:00
2022-05-15T19:20:19.781375Z,14449212,0.16270000,80.00000000,sell,2022-05-15 19:20:19.781375+00:00
2022-05-15T19:20:19.781375Z,14449211,0.16270000,3.56229000,sell,2022-05-15 19:20:19.781375+00:00
2022-05-15T19:19:50.904364Z,14449210,0.16240000,1600.00000000,buy,2022-05-15 19:19:50.904364+00:00
2022-05-15T19:19:44.491458Z,14449209,0.16230000,0.54429000,sell,2022-05-15 19:19:44.491458+00:00
2022-05-15T19:19:36.916168Z,14449208,0.16230000,3.00000000,sell,2022-05-15 19:19:36.916168+00:00
2022-05-15T19:18:54.070926Z,14449207,0.16210000,1250.00000000,buy,2022-05-15 19:18:54.070926+00:00
2022-05-15T19:18:50.401807Z,14449206,0.16220000,6.16520000,sell,2022-05-15 19:18:50.401807+00:00
2022-05-15T19:17:53.611041Z,14449205,0.16190000,17.00000000,sell,2022-05-15 19:17:53.611041+00:00
2022-05-15T19:17:16.304009Z,14449204,0.16180000,3166.03671100,sell,2022-05-15 19:17:16.304009+00:00
2022-05-15T19:16:05.565258Z,14449203,0.16170000,10.14336300,sell,2022-05-15 19:16:05.565258+00:00
2022-05-15T19:15:50.49437Z,14449202,0.16150000,362.79442200,sell,2022-05-15 19:15:50.494370+00:00
2022-05-15T19:15:30.360163Z,14449201,0.16130000,362.79442200,buy,2022-05-15 19:15:30.360163+00:00
2022-05-15T19:15:18.14957Z,14449200,0.16130000,72.25435400,buy,2022-05-15 19:15:18.149570+00:00
2022-05-15T19:15:17.97991Z,14449199,0.16160000,6.19195100,sell,2022-05-15 19:15:17.979910+00:00
2022-05-15T19:15:15.010947Z,14449198,0.16160000,362.79442200,sell,2022-05-15 19:15:15.010947+00:00
2022-05-15T19:15:14.920584Z,14449197,0.16150000,820.00000000,sell,2022-05-15 19:15:14.920584+00:00
2022-05-15T19:15:14.920584Z,14449196,0.16150000,6851.85692100,sell,2022-05-15 19:15:14.920584+00:00
2022-05-15T19:15:14.920584Z,14449195,0.16150000,6.19200000,sell,2022-05-15 19:15:14.920584+00:00
2022-05-15T19:15:14.920584Z,14449194,0.16140000,0.00014700,sell,2022-05-15 19:15:14.920584+00:00
2022-05-15T19:14:59.141412Z,14449193,0.16140000,3.16313300,sell,2022-05-15 19:14:59.141412+00:00
2022-05-15T19:14:59.141412Z,14449192,0.16140000,0.00016700,sell,2022-05-15 19:14:59.141412+00:00
2022-05-15T19:14:51.73698Z,14449191,0.16140000,79.99983300,sell,2022-05-15 19:14:51.736980+00:00
2022-05-15T19:14:51.73698Z,14449190,0.16140000,2387.25697500,sell,2022-05-15 19:14:51.736980+00:00
2022-05-15T19:14:51.73698Z,14449189,0.16140000,2097.31949200,sell,2022-05-15 19:14:51.736980+00:00
2022-05-15T19:13:39.94628Z,14449188,0.16090000,4916.52194300,sell,2022-05-15 19:13:39.946280+00:00
2022-05-15T19:13:39.94628Z,14449187,0.16090000,2158.47805700,sell,2022-05-15 19:13:39.946280+00:00
2022-05-15T19:13:26.851279Z,14449186,0.16080000,1600.00000000,buy,2022-05-15 19:13:26.851279+00:00
2022-05-15T19:13:07.811913Z,14449185,0.16110000,375.99984800,buy,2022-05-15 19:13:07.811913+00:00
2022-05-15T19:13:07.690368Z,14449184,0.16110000,0.00015200,sell,2022-05-15 19:13:07.690368+00:00
2022-05-15T19:13:07.686748Z,14449183,0.16110000,376.98230400,sell,2022-05-15 19:13:07.686748+00:00
2022-05-15T19:13:07.686748Z,14449182,0.16110000,0.00009600,sell,2022-05-15 19:13:07.686748+00:00
2022-05-15T19:13:07.675166Z,14449181,0.16110000,942.45604400,sell,2022-05-15 19:13:07.675166+00:00
2022-05-15T19:13:07.675166Z,14449180,0.16110000,0.00005600,sell,2022-05-15 19:13:07.675166+00:00
2022-05-15T19:13:07.666817Z,14449179,0.16110000,6194.41920000,sell,2022-05-15 19:13:07.666817+00:00
2022-05-15T19:13:07.603638Z,14449178,0.16110000,820.00000000,sell,2022-05-15 19:13:07.603638+00:00
2022-05-15T19:13:07.59278Z,14449177,0.16080000,1203.32668800,sell,2022-05-15 19:13:07.592780+00:00
2022-05-15T19:13:07.580429Z,14449176,0.16110000,7985.58074400,sell,2022-05-15 19:13:07.580429+00:00
2022-05-15T19:13:07.580429Z,14449175,0.16110000,764.41925500,sell,2022-05-15 19:13:07.580429+00:00
2022-05-15T19:13:07.575026Z,14449174,0.16100000,7798.86817900,sell,2022-05-15 19:13:07.575026+00:00
2022-05-15T19:13:07.575026Z,14449173,0.16100000,820.00000000,sell,2022-05-15 19:13:07.575026+00:00
2022-05-15T19:13:07.575026Z,14449172,0.16090000,131.13182000,sell,2022-05-15 19:13:07.575026+00:00
2022-05-15T19:13:07.574969Z,14449171,0.16090000,278.68082800,sell,2022-05-15 19:13:07.574969+00:00
2022-05-15T19:13:07.574969Z,14449170,0.16090000,4721.31917100,sell,2022-05-15 19:13:07.574969+00:00
2022-05-15T19:13:07.571289Z,14449169,0.16080000,1600.00000000,sell,2022-05-15 19:13:07.571289+00:00
2022-05-15T19:13:07.571289Z,14449168,0.16080000,2497.25550900,sell,2022-05-15 19:13:07.571289+00:00
2022-05-15T19:13:07.571289Z,14449167,0.16080000,820.00000000,sell,2022-05-15 19:13:07.571289+00:00
2022-05-15T19:13:07.571205Z,14449166,0.16070000,80.00000000,sell,2022-05-15 19:13:07.571205+00:00
2022-05-15T19:13:07.571205Z,14449165,0.16070000,1600.00000000,sell,2022-05-15 19:13:07.571205+00:00
2022-05-15T19:12:51.006676Z,14449164,0.16070000,260.00000000,sell,2022-05-15 19:12:51.006676+00:00
2022-05-15T19:11:06.646479Z,14449163,0.16060000,3.00000000,buy,2022-05-15 19:11:06.646479+00:00
2022-05-15T19:10:27.50553Z,14449162,0.16060000,10.00000000,sell,2022-05-15 19:10:27.505530+00:00
2022-05-15T19:09:48.811042Z,14449161,0.16070000,1600.00000000,sell,2022-05-15 19:09:48.811042+00:00
2022-05-15T19:09:40.127975Z,14449160,0.16080000,0.21890000,buy,2022-05-15 19:09:40.127975+00:00
2022-05-15T19:09:39.807334Z,14449159,0.16080000,6.00000000,buy,2022-05-15 19:09:39.807334+00:00
2022-05-15T19:09:31.602077Z,14449158,0.16110000,55.58074500,sell,2022-05-15 19:09:31.602077+00:00
2022-05-15T19:09:25.156781Z,14449157,0.16100000,10.00000000,buy,2022-05-15 19:09:25.156781+00:00
2022-05-15T19:08:57.571887Z,14449156,0.16170000,55.44325400,sell,2022-05-15 19:08:57.571887+00:00
2022-05-15T19:08:23.005837Z,14449155,0.16140000,144.32369900,buy,2022-05-15 19:08:23.005837+00:00
2022-05-15T19:08:05.172358Z,14449154,0.16170000,100.00000000,sell,2022-05-15 19:08:05.172358+00:00
2022-05-15T19:07:16.860718Z,14449153,0.16190000,590.99192100,sell,2022-05-15 19:07:16.860718+00:00
2022-05-15T19:06:42.832504Z,14449152,0.16190000,1600.00000000,buy,2022-05-15 19:06:42.832504+00:00
2022-05-15T19:06:42.832504Z,14449151,0.16190000,820.00000000,buy,2022-05-15 19:06:42.832504+00:00
2022-05-15T19:06:03.674646Z,14449150,0.16180000,6.00000000,sell,2022-05-15 19:06:03.674646+00:00
2022-05-15T19:04:15.007231Z,14449149,0.16170000,614.74074500,sell,2022-05-15 19:04:15.007231+00:00
2022-05-15T19:03:46.83549Z,14449148,0.16140000,1367.70126300,buy,2022-05-15 19:03:46.835490+00:00
2022-05-15T19:03:46.808516Z,14449147,0.16140000,1088.96522000,buy,2022-05-15 19:03:46.808516+00:00
2022-05-15T19:03:46.808516Z,14449146,0.16140000,9444.90008000,buy,2022-05-15 19:03:46.808516+00:00
2022-05-15T19:01:48.539213Z,14449145,0.16180000,6.18811900,sell,2022-05-15 19:01:48.539213+00:00
2022-05-15T19:01:33.421059Z,14449144,0.16140000,56.35561200,buy,2022-05-15 19:01:33.421059+00:00
2022-05-15T19:01:33.421059Z,14449143,0.16140000,6.19578700,buy,2022-05-15 19:01:33.421059+00:00
2022-05-15T19:01:14.238729Z,14449142,0.16160000,1500.00000000,sell,2022-05-15 19:01:14.238729+00:00
2022-05-15T19:00:51.179893Z,14449141,0.16150000,9444.90000000,buy,2022-05-15 19:00:51.179893+00:00
2022-05-15T19:00:46.142729Z,14449140,0.16160000,13.00000000,buy,2022-05-15 19:00:46.142729+00:00
2022-05-15T19:00:15.664537Z,14449139,0.16180000,1.05063000,sell,2022-05-15 19:00:15.664537+00:00
2022-05-15T19:00:15.664537Z,14449138,0.16180000,3.94937000,sell,2022-05-15 19:00:15.664537+00:00
2022-05-15T18:59:54.940863Z,14449137,0.16180000,24.66007400,sell,2022-05-15 18:59:54.940863+00:00
2022-05-15T18:59:12.88922Z,14449136,0.16160000,1600.00000000,sell,2022-05-15 18:59:12.889220+00:00
2022-05-15T18:58:43.845594Z,14449135,0.16190000,6.17284000,sell,2022-05-15 18:58:43.845594+00:00
2022-05-15T18:58:36.467479Z,14449134,0.16170000,819.70220700,buy,2022-05-15 18:58:36.467479+00:00
2022-05-15T18:58:36.467479Z,14449133,0.16170000,1598.29779300,buy,2022-05-15 18:58:36.467479+00:00
2022-05-15T18:58:35.069903Z,14449132,0.16190000,30.78346700,sell,2022-05-15 18:58:35.069903+00:00
2022-05-15T18:58:30.293187Z,14449131,0.16170000,1.70220700,buy,2022-05-15 18:58:30.293187+00:00
2022-05-15T18:58:23.203501Z,14449130,0.16200000,6.78593500,sell,2022-05-15 18:58:23.203501+00:00
2022-05-15T18:58:21.744135Z,14449129,0.16190000,1598.00000000,buy,2022-05-15 18:58:21.744135+00:00
2022-05-15T18:58:19.974781Z,14449128,0.16190000,1.53143300,buy,2022-05-15 18:58:19.974781+00:00
2022-05-15T18:58:13.996672Z,14449127,0.16190000,2102.57710000,sell,2022-05-15 18:58:13.996672+00:00
2022-05-15T18:58:04.944637Z,14449126,0.16170000,39.50674100,sell,2022-05-15 18:58:04.944637+00:00
2022-05-15T18:58:04.544185Z,14449125,0.16150000,6.19200000,sell,2022-05-15 18:58:04.544185+00:00
2022-05-15T18:57:17.485154Z,14449124,0.16110000,121.33299600,buy,2022-05-15 18:57:17.485154+00:00
2022-05-15T18:57:07.880688Z,14449123,0.16110000,15.29910000,buy,2022-05-15 18:57:07.880688+00:00
2022-05-15T18:56:57.646855Z,14449122,0.16110000,1600.00000000,sell,2022-05-15 18:56:57.646855+00:00
2022-05-15T18:56:33.722493Z,14449121,0.16130000,997.65963600,sell,2022-05-15 18:56:33.722493+00:00
2022-05-15T18:56:06.043407Z,14449120,0.16130000,84.39698500,buy,2022-05-15 18:56:06.043407+00:00
2022-05-15T18:55:41.758961Z,14449119,0.16130000,145.02811400,sell,2022-05-15 18:55:41.758961+00:00
2022-05-15T18:54:34.552672Z,14449118,0.16130000,46.00000000,sell,2022-05-15 18:54:34.552672+00:00
2022-05-15T18:53:16.347613Z,14449117,0.16120000,316.90501500,sell,2022-05-15 18:53:16.347613+00:00
2022-05-15T18:52:44.118062Z,14449116,0.16110000,531.75780000,sell,2022-05-15 18:52:44.118062+00:00
2022-05-15T18:51:44.331453Z,14449115,0.16090000,138.50723200,buy,2022-05-15 18:51:44.331453+00:00
2022-05-15T18:50:11.764712Z,14449114,0.16070000,1305.96289800,buy,2022-05-15 18:50:11.764712+00:00
2022-05-15T18:50:00.25014Z,14449113,0.16090000,1600.00000000,sell,2022-05-15 18:50:00.250140+00:00
2022-05-15T18:49:52.055394Z,14449112,0.16090000,248.56084100,sell,2022-05-15 18:49:52.055394+00:00
2022-05-15T18:49:43.993932Z,14449111,0.16070000,12.00000000,buy,2022-05-15 18:49:43.993932+00:00
2022-05-15T18:49:31.25518Z,14449110,0.16080000,206.83180000,buy,2022-05-15 18:49:31.255180+00:00
2022-05-15T18:49:11.061761Z,14449109,0.16100000,1240.37143500,sell,2022-05-15 18:49:11.061761+00:00
2022-05-15T18:48:04.383488Z,14449108,0.16080000,613.16816300,buy,2022-05-15 18:48:04.383488+00:00
2022-05-15T18:46:42.850985Z,14449107,0.16090000,982.00000000,sell,2022-05-15 18:46:42.850985+00:00
2022-05-15T18:46:42.310916Z,14449106,0.16090000,617.64424300,sell,2022-05-15 18:46:42.310916+00:00
2022-05-15T18:46:10.957923Z,14449105,0.16080000,1600.00000000,sell,2022-05-15 18:46:10.957923+00:00
2022-05-15T18:45:37.272945Z,14449104,0.16100000,1000.00000000,sell,2022-05-15 18:45:37.272945+00:00
2022-05-15T18:45:37.272945Z,14449103,0.16100000,1600.00000000,sell,2022-05-15 18:45:37.272945+00:00
2022-05-15T18:45:07.246618Z,14449102,0.16130000,1600.00000000,buy,2022-05-15 18:45:07.246618+00:00
2022-05-15T18:44:11.440951Z,14449101,0.16090000,900.00000000,buy,2022-05-15 18:44:11.440951+00:00
2022-05-15T18:44:11.440951Z,14449100,0.16090000,1600.00000000,buy,2022-05-15 18:44:11.440951+00:00
2022-05-15T18:44:02.682642Z,14449099,0.16090000,1600.00000000,buy,2022-05-15 18:44:02.682642+00:00
2022-05-15T18:43:39.701108Z,14449098,0.16080000,49.97017400,buy,2022-05-15 18:43:39.701108+00:00
2022-05-15T18:43:04.541517Z,14449097,0.16070000,4194.00000000,sell,2022-05-15 18:43:04.541517+00:00
2022-05-15T18:43:00.159968Z,14449096,0.16060000,1600.00000000,sell,2022-05-15 18:43:00.159968+00:00
2022-05-15T18:42:57.230192Z,14449095,0.16070000,3044.44100000,buy,2022-05-15 18:42:57.230192+00:00
2022-05-15T18:42:57.22963Z,14449094,0.16070000,6400.45900000,buy,2022-05-15 18:42:57.229630+00:00
2022-05-15T18:42:17.572755Z,14449093,0.16090000,20.00000000,buy,2022-05-15 18:42:17.572755+00:00
2022-05-15T18:42:17.458441Z,14449092,0.16110000,170.41659300,sell,2022-05-15 18:42:17.458441+00:00
2022-05-15T18:42:07.111603Z,14449091,0.16110000,820.00000000,buy,2022-05-15 18:42:07.111603+00:00
2022-05-15T18:41:54.154478Z,14449090,0.16120000,161.57714700,buy,2022-05-15 18:41:54.154478+00:00
2022-05-15T18:41:50.559268Z,14449089,0.16130000,4291.98530000,sell,2022-05-15 18:41:50.559268+00:00
2022-05-15T18:41:50.559268Z,14449088,0.16130000,30.00000000,sell,2022-05-15 18:41:50.559268+00:00
2022-05-15T18:41:43.469919Z,14449087,0.16070000,4952.00000000,sell,2022-05-15 18:41:43.469919+00:00
2022-05-15T18:41:31.768203Z,14449086,0.16080000,55.74891200,sell,2022-05-15 18:41:31.768203+00:00
2022-05-15T18:41:27.985392Z,14449085,0.16090000,3401.00000000,buy,2022-05-15 18:41:27.985392+00:00
2022-05-15T18:41:27.985392Z,14449084,0.16090000,1600.00000000,buy,2022-05-15 18:41:27.985392+00:00
2022-05-15T18:41:26.106391Z,14449083,0.16100000,5010.25210000,sell,2022-05-15 18:41:26.106391+00:00
2022-05-15T18:41:25.662296Z,14449082,0.16100000,6724.05670000,sell,2022-05-15 18:41:25.662296+00:00
2022-05-15T18:41:25.178906Z,14449081,0.16090000,1244.39380000,sell,2022-05-15 18:41:25.178906+00:00
2022-05-15T18:41:25.044929Z,14449080,0.16080000,5581.55580000,sell,2022-05-15 18:41:25.044929+00:00
2022-05-15T18:41:07.721967Z,14449079,0.16090000,55.78358200,sell,2022-05-15 18:41:07.721967+00:00
2022-05-15T18:41:06.896964Z,14449078,0.16070000,1600.00000000,buy,2022-05-15 18:41:06.896964+00:00
2022-05-15T18:41:05.645379Z,14449077,0.16090000,829.05184800,sell,2022-05-15 18:41:05.645379+00:00
2022-05-15T18:41:05.184927Z,14449076,0.16080000,1600.00000000,buy,2022-05-15 18:41:05.184927+00:00
2022-05-15T18:41:05.102015Z,14449075,0.16080000,1600.00000000,buy,2022-05-15 18:41:05.102015+00:00
2022-05-15T18:41:03.737384Z,14449074,0.16080000,6.21890000,sell,2022-05-15 18:41:03.737384+00:00
2022-05-15T18:40:45.494972Z,14449073,0.16020000,4000.00000000,sell,2022-05-15 18:40:45.494972+00:00
2022-05-15T18:40:14.68022Z,14449072,0.16020000,686.89014400,sell,2022-05-15 18:40:14.680220+00:00
2022-05-15T18:40:10.843615Z,14449071,0.16020000,1975.52829200,sell,2022-05-15 18:40:10.843615+00:00
2022-05-15T18:38:43.695791Z,14449070,0.16010000,6.24610000,buy,2022-05-15 18:38:43.695791+00:00
2022-05-15T18:38:39.817147Z,14449069,0.16030000,0.72883000,buy,2022-05-15 18:38:39.817147+00:00
2022-05-15T18:38:05.657973Z,14449068,0.16030000,3.00000000,buy,2022-05-15 18:38:05.657973+00:00
2022-05-15T18:37:39.494496Z,14449067,0.16060000,10.00000000,sell,2022-05-15 18:37:39.494496+00:00
2022-05-15T18:36:20.385113Z,14449066,0.16050000,1600.00000000,sell,2022-05-15 18:36:20.385113+00:00
2022-05-15T18:35:24.013044Z,14449065,0.16090000,63.39000000,buy,2022-05-15 18:35:24.013044+00:00
2022-05-15T18:34:37.433843Z,14449064,0.16070000,4840.96609700,sell,2022-05-15 18:34:37.433843+00:00
2022-05-15T18:34:26.05142Z,14449063,0.16060000,62.32876800,sell,2022-05-15 18:34:26.051420+00:00
2022-05-15T18:33:59.002193Z,14449062,0.16040000,601.17699800,sell,2022-05-15 18:33:59.002193+00:00
2022-05-15T18:33:59.002193Z,14449061,0.16030000,0.25634300,sell,2022-05-15 18:33:59.002193+00:00
2022-05-15T18:33:43.743393Z,14449060,0.16030000,5.00000000,sell,2022-05-15 18:33:43.743393+00:00
2022-05-15T18:33:42.223975Z,14449059,0.16030000,10000.00000000,sell,2022-05-15 18:33:42.223975+00:00
2022-05-15T18:33:31.014818Z,14449058,0.16050000,0.89143000,buy,2022-05-15 18:33:31.014818+00:00
2022-05-15T18:33:22.63551Z,14449057,0.16050000,8.00000000,buy,2022-05-15 18:33:22.635510+00:00
2022-05-15T18:32:22.616277Z,14449056,0.16080000,0.21890000,buy,2022-05-15 18:32:22.616277+00:00
2022-05-15T18:32:11.206831Z,14449055,0.16100000,1216.06607200,sell,2022-05-15 18:32:11.206831+00:00
2022-05-15T18:32:05.18569Z,14449054,0.16080000,6.00000000,buy,2022-05-15 18:32:05.185690+00:00
2022-05-15T18:32:01.435767Z,14449053,0.16090000,9.00000000,buy,2022-05-15 18:32:01.435767+00:00
2022-05-15T18:31:40.818174Z,14449052,0.16090000,820.00000000,buy,2022-05-15 18:31:40.818174+00:00
2022-05-15T18:31:40.818174Z,14449051,0.16090000,10.00000000,buy,2022-05-15 18:31:40.818174+00:00
2022-05-15T18:31:26.436499Z,14449050,0.16120000,57.83981500,buy,2022-05-15 18:31:26.436499+00:00
2022-05-15T18:31:22.380237Z,14449049,0.16140000,57.83981500,sell,2022-05-15 18:31:22.380237+00:00
2022-05-15T18:30:27.723045Z,14449048,0.16130000,2.01030100,buy,2022-05-15 18:30:27.723045+00:00
2022-05-15T18:30:01.56868Z,14449047,0.16130000,362.79442200,sell,2022-05-15 18:30:01.568680+00:00
2022-05-15T18:29:48.12256Z,14449046,0.16130000,0.04671000,buy,2022-05-15 18:29:48.122560+00:00
2022-05-15T18:29:47.678856Z,14449045,0.16130000,4.00000000,buy,2022-05-15 18:29:47.678856+00:00
2022-05-15T18:29:24.214198Z,14449044,0.16150000,1600.00000000,sell,2022-05-15 18:29:24.214198+00:00
2022-05-15T18:29:21.627499Z,14449043,0.16150000,6.19200000,buy,2022-05-15 18:29:21.627499+00:00
2022-05-15T18:29:12.787261Z,14449042,0.16190000,32.30389100,sell,2022-05-15 18:29:12.787261+00:00
2022-05-15T18:28:54.721551Z,14449041,0.16190000,595.48034000,sell,2022-05-15 18:28:54.721551+00:00
2022-05-15T18:28:32.981144Z,14449040,0.16190000,61.57635400,sell,2022-05-15 18:28:32.981144+00:00
2022-05-15T18:28:26.250282Z,14449039,0.16190000,350.00000000,buy,2022-05-15 18:28:26.250282+00:00
2022-05-15T18:28:23.697003Z,14449038,0.16190000,1250.00000000,buy,2022-05-15 18:28:23.697003+00:00
2022-05-15T18:28:05.572351Z,14449037,0.16220000,2000.00000000,sell,2022-05-15 18:28:05.572351+00:00
2022-05-15T18:28:05.55464Z,14449036,0.16220000,13000.00000000,sell,2022-05-15 18:28:05.554640+00:00
2022-05-15T18:27:59.017701Z,14449035,0.16220000,2.91728000,sell,2022-05-15 18:27:59.017701+00:00
2022-05-15T18:27:58.205259Z,14449034,0.16220000,1250.00000000,buy,2022-05-15 18:27:58.205259+00:00
2022-05-15T18:27:28.16242Z,14449033,0.16210000,1600.00000000,buy,2022-05-15 18:27:28.162420+00:00
2022-05-15T18:27:13.295309Z,14449032,0.16200000,3.67955900,buy,2022-05-15 18:27:13.295309+00:00
2022-05-15T18:27:13.295309Z,14449031,0.16200000,820.00000000,buy,2022-05-15 18:27:13.295309+00:00
2022-05-15T18:27:13.295309Z,14449030,0.16210000,820.00000000,buy,2022-05-15 18:27:13.295309+00:00
2022-05-15T18:27:13.295309Z,14449029,0.16220000,820.00000000,buy,2022-05-15 18:27:13.295309+00:00
2022-05-15T18:27:13.295309Z,14449028,0.16220000,40.00000000,buy,2022-05-15 18:27:13.295309+00:00
2022-05-15T18:27:13.295309Z,14449027,0.16220000,1000.00000000,buy,2022-05-15 18:27:13.295309+00:00
2022-05-15T18:27:13.295309Z,14449026,0.16220000,1600.00000000,buy,2022-05-15 18:27:13.295309+00:00
2022-05-15T18:27:11.963431Z,14449025,0.16200000,310.30272400,sell,2022-05-15 18:27:11.963431+00:00
2022-05-15T18:27:11.963431Z,14449024,0.16200000,942.81719200,sell,2022-05-15 18:27:11.963431+00:00
2022-05-15T18:27:11.963431Z,14449023,0.16200000,942.81719200,sell,2022-05-15 18:27:11.963431+00:00
2022-05-15T18:27:10.515184Z,14449022,0.16190000,1600.00000000,sell,2022-05-15 18:27:10.515184+00:00
2022-05-15T18:27:10.447865Z,14449021,0.16170000,6356.50297600,buy,2022-05-15 18:27:10.447865+00:00
2022-05-15T18:27:10.447865Z,14449020,0.16170000,281.16342400,buy,2022-05-15 18:27:10.447865+00:00
2022-05-15T18:27:10.428458Z,14449019,0.16170000,820.00000000,buy,2022-05-15 18:27:10.428458+00:00
2022-05-15T18:27:10.424087Z,14449018,0.16180000,1300.00000000,buy,2022-05-15 18:27:10.424087+00:00
2022-05-15T18:27:10.424087Z,14449017,0.16190000,0.00011900,buy,2022-05-15 18:27:10.424087+00:00
2022-05-15T18:27:10.420209Z,14449016,0.16190000,12800.00000000,buy,2022-05-15 18:27:10.420209+00:00
2022-05-15T18:27:10.416786Z,14449015,0.16190000,2199.99988100,buy,2022-05-15 18:27:10.416786+00:00
2022-05-15T18:27:10.416786Z,14449014,0.16190000,1103.59329900,buy,2022-05-15 18:27:10.416786+00:00
2022-05-15T18:27:10.416786Z,14449013,0.16190000,1017.08952000,buy,2022-05-15 18:27:10.416786+00:00
2022-05-15T18:27:10.390873Z,14449012,0.16210000,382.74123600,buy,2022-05-15 18:27:10.390873+00:00
2022-05-15T18:27:10.390873Z,14449011,0.16210000,901.62394400,buy,2022-05-15 18:27:10.390873+00:00
2022-05-15T18:27:10.383559Z,14449010,0.16220000,80.00000000,buy,2022-05-15 18:27:10.383559+00:00
2022-05-15T18:27:10.383559Z,14449009,0.16220000,0.16520000,buy,2022-05-15 18:27:10.383559+00:00
2022-05-15T18:27:10.383521Z,14449008,0.16220000,6.00000000,buy,2022-05-15 18:27:10.383521+00:00
2022-05-15T18:27:10.37515Z,14449007,0.16230000,80.00000000,buy,2022-05-15 18:27:10.375150+00:00
2022-05-15T18:27:10.371439Z,14449006,0.16250000,0.21199000,buy,2022-05-15 18:27:10.371439+00:00
2022-05-15T18:27:07.15617Z,14449005,0.16250000,4.00000000,buy,2022-05-15 18:27:07.156170+00:00
2022-05-15T18:25:43.241342Z,14449004,0.16280000,12.61840100,buy,2022-05-15 18:25:43.241342+00:00
2022-05-15T18:24:39.582949Z,14449003,0.16240000,276.81572800,buy,2022-05-15 18:24:39.582949+00:00
2022-05-15T18:24:39.582949Z,14449002,0.16240000,1569.01361400,buy,2022-05-15 18:24:39.582949+00:00
2022-05-15T18:24:39.582949Z,14449001,0.16250000,80.00000000,buy,2022-05-15 18:24:39.582949+00:00
2022-05-15T18:24:06.754104Z,14449000,0.16240000,30.98638600,buy,2022-05-15 18:24:06.754104+00:00
2022-05-15T18:22:24.588151Z,14448999,0.16340000,5957.13450000,sell,2022-05-15 18:22:24.588151+00:00
2022-05-15T18:22:03.952686Z,14448998,0.16300000,500.00000000,buy,2022-05-15 18:22:03.952686+00:00
2022-05-15T18:22:03.952686Z,14448997,0.16310000,80.00000000,buy,2022-05-15 18:22:03.952686+00:00
2022-05-15T18:22:03.952686Z,14448996,0.16310000,820.00000000,buy,2022-05-15 18:22:03.952686+00:00
2022-05-15T18:22:03.952686Z,14448995,0.16310000,1600.00000000,buy,2022-05-15 18:22:03.952686+00:00
2022-05-15T18:20:58.10495Z,14448994,0.16310000,15000.00000000,sell,2022-05-15 18:20:58.104950+00:00
2022-05-15T18:20:36.231382Z,14448993,0.16290000,0.13870000,buy,2022-05-15 18:20:36.231382+00:00
2022-05-15T18:20:36.211742Z,14448992,0.16290000,6.00000000,buy,2022-05-15 18:20:36.211742+00:00
2022-05-15T18:20:30.271679Z,14448991,0.16300000,1600.00000000,sell,2022-05-15 18:20:30.271679+00:00
2022-05-15T18:20:22.610389Z,14448990,0.16320000,112.71671000,sell,2022-05-15 18:20:22.610389+00:00
2022-05-15T18:19:52.894014Z,14448989,0.16320000,5754.45678300,sell,2022-05-15 18:19:52.894014+00:00
2022-05-15T18:19:28.395807Z,14448988,0.16320000,1.11297900,buy,2022-05-15 18:19:28.395807+00:00
2022-05-15T18:19:24.096924Z,14448987,0.16330000,2400.00000000,sell,2022-05-15 18:19:24.096924+00:00
2022-05-15T18:19:13.696034Z,14448986,0.16340000,8749.99999900,sell,2022-05-15 18:19:13.696034+00:00
2022-05-15T18:18:38.040448Z,14448985,0.16390000,0.99991000,sell,2022-05-15 18:18:38.040448+00:00
2022-05-15T18:18:38.040448Z,14448984,0.16360000,0.00009000,sell,2022-05-15 18:18:38.040448+00:00
2022-05-15T18:18:30.848421Z,14448983,0.16360000,6.11241000,sell,2022-05-15 18:18:30.848421+00:00
2022-05-15T18:18:30.848421Z,14448982,0.16350000,0.00009000,sell,2022-05-15 18:18:30.848421+00:00
2022-05-15T18:18:22.896774Z,14448981,0.16350000,4.15650000,sell,2022-05-15 18:18:22.896774+00:00
2022-05-15T18:18:19.737908Z,14448980,0.16340000,474.00000000,sell,2022-05-15 18:18:19.737908+00:00
2022-05-15T18:17:18.01212Z,14448979,0.16320000,1600.00000000,sell,2022-05-15 18:17:18.012120+00:00
2022-05-15T18:17:18.01212Z,14448978,0.16320000,5305.00000000,sell,2022-05-15 18:17:18.012120+00:00
2022-05-15T18:16:08.444043Z,14448977,0.16340000,483.00000000,sell,2022-05-15 18:16:08.444043+00:00
2022-05-15T18:15:56.376092Z,14448976,0.16300000,1600.00000000,sell,2022-05-15 18:15:56.376092+00:00
2022-05-15T18:14:10.72921Z,14448975,0.16270000,1600.00000000,buy,2022-05-15 18:14:10.729210+00:00
2022-05-15T18:14:08.860928Z,14448974,0.16290000,1600.00000000,buy,2022-05-15 18:14:08.860928+00:00
2022-05-15T18:14:08.551945Z,14448973,0.16310000,2770.46240000,sell,2022-05-15 18:14:08.551945+00:00
2022-05-15T18:14:08.551945Z,14448972,0.16310000,820.00000000,sell,2022-05-15 18:14:08.551945+00:00
2022-05-15T18:14:08.551945Z,14448971,0.16300000,820.00000000,sell,2022-05-15 18:14:08.551945+00:00
2022-05-15T18:14:08.551945Z,14448970,0.16290000,6.13870000,sell,2022-05-15 18:14:08.551945+00:00
2022-05-15T18:14:07.818013Z,14448969,0.16270000,4.55676600,sell,2022-05-15 18:14:07.818013+00:00
2022-05-15T18:13:28.527011Z,14448968,0.16230000,1600.00000000,buy,2022-05-15 18:13:28.527011+00:00
2022-05-15T18:13:18.145348Z,14448967,0.16220000,2.10580400,buy,2022-05-15 18:13:18.145348+00:00
2022-05-15T18:13:17.752514Z,14448966,0.16230000,3743.00000000,sell,2022-05-15 18:13:17.752514+00:00
2022-05-15T18:12:30.76249Z,14448965,0.16180000,1600.00000000,sell,2022-05-15 18:12:30.762490+00:00
2022-05-15T18:12:29.547486Z,14448964,0.16160000,616.71292000,buy,2022-05-15 18:12:29.547486+00:00
2022-05-15T18:12:10.199876Z,14448963,0.16170000,0.90267100,sell,2022-05-15 18:12:10.199876+00:00
2022-05-15T18:12:10.188076Z,14448962,0.16170000,13946.00000000,sell,2022-05-15 18:12:10.188076+00:00
2022-05-15T18:12:10.173863Z,14448961,0.16170000,1600.00000000,buy,2022-05-15 18:12:10.173863+00:00
2022-05-15T18:12:06.657916Z,14448960,0.16190000,694.90008100,buy,2022-05-15 18:12:06.657916+00:00
2022-05-15T18:12:06.653595Z,14448959,0.16190000,8749.99999900,buy,2022-05-15 18:12:06.653595+00:00
2022-05-15T18:12:05.12244Z,14448958,0.16210000,9444.90000000,buy,2022-05-15 18:12:05.122440+00:00
2022-05-15T18:11:44.875031Z,14448957,0.16220000,1600.00000000,sell,2022-05-15 18:11:44.875031+00:00
2022-05-15T18:11:26.355515Z,14448956,0.16230000,244.77856700,sell,2022-05-15 18:11:26.355515+00:00
2022-05-15T18:10:54.472541Z,14448955,0.16230000,30.41423800,buy,2022-05-15 18:10:54.472541+00:00
2022-05-15T18:10:36.150002Z,14448954,0.16230000,113.41077900,sell,2022-05-15 18:10:36.150002+00:00
2022-05-15T18:10:07.135523Z,14448953,0.16220000,3.42989000,sell,2022-05-15 18:10:07.135523+00:00
2022-05-15T18:10:07.135523Z,14448952,0.16220000,6.16520000,sell,2022-05-15 18:10:07.135523+00:00
2022-05-15T18:10:01.7544Z,14448951,0.16200000,0.00008400,sell,2022-05-15 18:10:01.754400+00:00
2022-05-15T18:10:01.754275Z,14448950,0.16200000,1.72080000,sell,2022-05-15 18:10:01.754275+00:00
2022-05-15T18:09:34.559099Z,14448949,0.16200000,3025.57454200,sell,2022-05-15 18:09:34.559099+00:00
2022-05-15T18:09:31.968591Z,14448948,0.16200000,152.52257500,sell,2022-05-15 18:09:31.968591+00:00
2022-05-15T18:09:31.968591Z,14448947,0.16200000,1.15253300,sell,2022-05-15 18:09:31.968591+00:00
2022-05-15T18:09:16.196601Z,14448946,0.16190000,30.41423800,sell,2022-05-15 18:09:16.196601+00:00
2022-05-15T18:08:51.997606Z,14448945,0.16180000,1600.00000000,sell,2022-05-15 18:08:51.997606+00:00
2022-05-15T18:08:51.723572Z,14448944,0.16180000,1600.00000000,sell,2022-05-15 18:08:51.723572+00:00
2022-05-15T18:06:13.305388Z,14448943,0.16200000,1.08859000,sell,2022-05-15 18:06:13.305388+00:00
2022-05-15T18:05:42.56428Z,14448942,0.16170000,247.67801900,buy,2022-05-15 18:05:42.564280+00:00
2022-05-15T18:05:18.302912Z,14448941,0.16170000,3912.88790600,sell,2022-05-15 18:05:18.302912+00:00
2022-05-15T18:05:18.302912Z,14448940,0.16170000,485.11209400,sell,2022-05-15 18:05:18.302912+00:00
2022-05-15T18:05:16.671674Z,14448939,0.16160000,104.50352300,sell,2022-05-15 18:05:16.671674+00:00
2022-05-15T18:05:16.671674Z,14448938,0.16160000,6.22259000,sell,2022-05-15 18:05:16.671674+00:00
2022-05-15T18:04:58.219989Z,14448937,0.16160000,467.39469900,sell,2022-05-15 18:04:58.219989+00:00
2022-05-15T18:04:55.568525Z,14448936,0.16140000,120.97595700,buy,2022-05-15 18:04:55.568525+00:00
2022-05-15T18:04:16.16986Z,14448935,0.16150000,6.19200000,sell,2022-05-15 18:04:16.169860+00:00
2022-05-15T18:03:56.642594Z,14448934,0.16100000,4.00000000,buy,2022-05-15 18:03:56.642594+00:00
2022-05-15T18:03:52.400786Z,14448933,0.16090000,5296.66650600,sell,2022-05-15 18:03:52.400786+00:00
2022-05-15T18:03:40.391955Z,14448932,0.16080000,250.00000000,sell,2022-05-15 18:03:40.391955+00:00
2022-05-15T18:03:39.089257Z,14448931,0.16080000,600.29454700,sell,2022-05-15 18:03:39.089257+00:00
2022-05-15T18:03:02.240379Z,14448930,0.16060000,522.53378900,buy,2022-05-15 18:03:02.240379+00:00
2022-05-15T18:02:51.122971Z,14448929,0.16090000,55.89260700,sell,2022-05-15 18:02:51.122971+00:00
2022-05-15T18:02:44.535763Z,14448928,0.16080000,0.00000100,sell,2022-05-15 18:02:44.535763+00:00
2022-05-15T18:02:44.535124Z,14448927,0.16080000,5353.12205300,sell,2022-05-15 18:02:44.535124+00:00
2022-05-15T18:02:36.866334Z,14448926,0.16040000,1600.00000000,sell,2022-05-15 18:02:36.866334+00:00
2022-05-15T18:02:25.918445Z,14448925,0.16060000,2051.21160000,buy,2022-05-15 18:02:25.918445+00:00
2022-05-15T18:02:05.966216Z,14448924,0.16090000,37.16656000,sell,2022-05-15 18:02:05.966216+00:00
2022-05-15T18:01:04.406444Z,14448923,0.16070000,6.45538000,sell,2022-05-15 18:01:04.406444+00:00
2022-05-15T18:00:35.607793Z,14448922,0.16080000,178.43005400,sell,2022-05-15 18:00:35.607793+00:00
2022-05-15T18:00:01.183347Z,14448921,0.16060000,31.33040200,buy,2022-05-15 18:00:01.183347+00:00
2022-05-15T18:00:01.183347Z,14448920,0.16070000,6.66836200,buy,2022-05-15 18:00:01.183347+00:00
2022-05-15T17:59:34.998382Z,14448919,0.16100000,1600.00000000,buy,2022-05-15 17:59:34.998382+00:00
2022-05-15T17:59:28.730984Z,14448918,0.16100000,820.00000000,sell,2022-05-15 17:59:28.730984+00:00
2022-05-15T17:59:28.730984Z,14448917,0.16100000,39.00000000,sell,2022-05-15 17:59:28.730984+00:00
2022-05-15T17:59:28.676933Z,14448916,0.16080000,6.21890000,sell,2022-05-15 17:59:28.676933+00:00
2022-05-15T17:58:59.858286Z,14448915,0.16060000,140.59219600,sell,2022-05-15 17:58:59.858286+00:00
2022-05-15T17:58:59.846141Z,14448914,0.16060000,820.00000000,sell,2022-05-15 17:58:59.846141+00:00
2022-05-15T17:58:59.810669Z,14448913,0.16050000,480.81907800,sell,2022-05-15 17:58:59.810669+00:00
2022-05-15T17:58:59.810669Z,14448912,0.16050000,1600.00000000,sell,2022-05-15 17:58:59.810669+00:00
2022-05-15T17:58:55.558116Z,14448911,0.16030000,204.62942900,buy,2022-05-15 17:58:55.558116+00:00
2022-05-15T17:58:36.690035Z,14448910,0.16030000,204.62942900,sell,2022-05-15 17:58:36.690035+00:00
2022-05-15T17:58:11.322649Z,14448909,0.16020000,53.00000000,sell,2022-05-15 17:58:11.322649+00:00
2022-05-15T17:58:01.423871Z,14448908,0.16010000,6.24610000,sell,2022-05-15 17:58:01.423871+00:00
2022-05-15T17:57:54.954776Z,14448907,0.16000000,203.41948100,buy,2022-05-15 17:57:54.954776+00:00
2022-05-15T17:57:24.605355Z,14448906,0.16000000,203.41948100,sell,2022-05-15 17:57:24.605355+00:00
2022-05-15T17:56:55.830415Z,14448905,0.15970000,6.26566400,buy,2022-05-15 17:56:55.830415+00:00
2022-05-15T17:55:47.85368Z,14448904,0.15990000,120.97595700,sell,2022-05-15 17:55:47.853680+00:00
2022-05-15T17:55:39.544754Z,14448903,0.15950000,63.01098000,buy,2022-05-15 17:55:39.544754+00:00
2022-05-15T17:54:50.532593Z,14448902,0.15970000,938.00000000,sell,2022-05-15 17:54:50.532593+00:00
2022-05-15T17:53:27.932756Z,14448901,0.15940000,0.01178000,sell,2022-05-15 17:53:27.932756+00:00
2022-05-15T17:53:08.396714Z,14448900,0.15940000,3.00000000,sell,2022-05-15 17:53:08.396714+00:00
2022-05-15T17:53:01.042004Z,14448899,0.15940000,5.00000000,buy,2022-05-15 17:53:01.042004+00:00
2022-05-15T17:50:33.987572Z,14448898,0.15940000,8749.99999900,buy,2022-05-15 17:50:33.987572+00:00
2022-05-15T17:50:33.987497Z,14448897,0.15940000,8749.99999900,buy,2022-05-15 17:50:33.987497+00:00
2022-05-15T17:48:28.205802Z,14448896,0.15990000,4236.63892600,sell,2022-05-15 17:48:28.205802+00:00
2022-05-15T17:48:28.205802Z,14448895,0.15990000,1300.00000000,sell,2022-05-15 17:48:28.205802+00:00
2022-05-15T17:48:28.205802Z,14448894,0.15990000,820.00000000,sell,2022-05-15 17:48:28.205802+00:00
2022-05-15T17:48:28.205802Z,14448893,0.15980000,900.00000000,sell,2022-05-15 17:48:28.205802+00:00
2022-05-15T17:48:27.204611Z,14448892,0.15980000,820.00000000,sell,2022-05-15 17:48:27.204611+00:00
2022-05-15T17:48:27.204611Z,14448891,0.15980000,900.00000000,sell,2022-05-15 17:48:27.204611+00:00
2022-05-15T17:48:27.204611Z,14448890,0.15980000,1600.00000000,sell,2022-05-15 17:48:27.204611+00:00
2022-05-15T17:47:12.540921Z,14448889,0.15980000,9.00000000,buy,2022-05-15 17:47:12.540921+00:00
2022-05-15T17:47:05.983341Z,14448888,0.15990000,8749.99999900,sell,2022-05-15 17:47:05.983341+00:00
2022-05-15T17:47:05.983264Z,14448887,0.15990000,3013.71518700,sell,2022-05-15 17:47:05.983264+00:00
2022-05-15T17:47:05.983264Z,14448886,0.15990000,54.00000000,sell,2022-05-15 17:47:05.983264+00:00
2022-05-15T17:47:05.782595Z,14448885,0.15980000,4.19261000,sell,2022-05-15 17:47:05.782595+00:00
2022-05-15T17:47:05.782595Z,14448884,0.15980000,4250.08684600,sell,2022-05-15 17:47:05.782595+00:00
2022-05-15T17:47:05.782595Z,14448883,0.15980000,1600.00000000,sell,2022-05-15 17:47:05.782595+00:00
2022-05-15T17:45:30.711773Z,14448882,0.15910000,674.02936400,buy,2022-05-15 17:45:30.711773+00:00
2022-05-15T17:44:31.383083Z,14448881,0.15930000,5.00000000,buy,2022-05-15 17:44:31.383083+00:00
2022-05-15T17:44:11.565947Z,14448880,0.15940000,56.34422100,sell,2022-05-15 17:44:11.565947+00:00
2022-05-15T17:43:41.897521Z,14448879,0.15920000,625.01562500,sell,2022-05-15 17:43:41.897521+00:00
2022-05-15T17:42:31.366969Z,14448878,0.15890000,47.16528500,buy,2022-05-15 17:42:31.366969+00:00
2022-05-15T17:42:31.366969Z,14448877,0.15900000,2.32673600,buy,2022-05-15 17:42:31.366969+00:00
2022-05-15T17:42:08.922996Z,14448876,0.15930000,6.49608200,sell,2022-05-15 17:42:08.922996+00:00
2022-05-15T17:41:44.731692Z,14448875,0.15900000,423.28325200,buy,2022-05-15 17:41:44.731692+00:00
2022-05-15T17:41:33.278635Z,14448874,0.15910000,1600.00000000,sell,2022-05-15 17:41:33.278635+00:00
2022-05-15T17:40:41.611046Z,14448873,0.15900000,6290.00000000,sell,2022-05-15 17:40:41.611046+00:00
2022-05-15T17:40:39.624934Z,14448872,0.15880000,1094.00000000,buy,2022-05-15 17:40:39.624934+00:00
2022-05-15T17:40:38.906137Z,14448871,0.15890000,1600.00000000,buy,2022-05-15 17:40:38.906137+00:00
2022-05-15T17:40:38.499978Z,14448870,0.15900000,6250.00000100,buy,2022-05-15 17:40:38.499978+00:00
2022-05-15T17:40:38.493065Z,14448869,0.15900000,8749.99999900,buy,2022-05-15 17:40:38.493065+00:00
2022-05-15T17:40:38.444521Z,14448868,0.15910000,1068.53410000,buy,2022-05-15 17:40:38.444521+00:00
2022-05-15T17:40:38.290561Z,14448867,0.15930000,1001.26565300,buy,2022-05-15 17:40:38.290561+00:00
2022-05-15T17:40:38.145387Z,14448866,0.15940000,5.00000000,buy,2022-05-15 17:40:38.145387+00:00
2022-05-15T17:39:43.967593Z,14448865,0.15940000,1564.50146600,buy,2022-05-15 17:39:43.967593+00:00
2022-05-15T17:38:34.264068Z,14448864,0.15930000,150.30742900,sell,2022-05-15 17:38:34.264068+00:00
2022-05-15T17:38:34.264068Z,14448863,0.15920000,1600.00000000,sell,2022-05-15 17:38:34.264068+00:00
2022-05-15T17:38:29.515736Z,14448862,0.15940000,1500.71474500,sell,2022-05-15 17:38:29.515736+00:00
2022-05-15T17:37:30.553469Z,14448861,0.15960000,12.38798300,sell,2022-05-15 17:37:30.553469+00:00
2022-05-15T17:36:53.574679Z,14448860,0.15960000,1230.57031200,sell,2022-05-15 17:36:53.574679+00:00
2022-05-15T17:36:30.053091Z,14448859,0.15930000,25.04708100,sell,2022-05-15 17:36:30.053091+00:00
2022-05-15T17:35:09.936663Z,14448858,0.15950000,826.23568200,buy,2022-05-15 17:35:09.936663+00:00
2022-05-15T17:35:09.936663Z,14448857,0.15950000,1600.00000000,buy,2022-05-15 17:35:09.936663+00:00
2022-05-15T17:35:08.304083Z,14448856,0.15970000,100.00000000,sell,2022-05-15 17:35:08.304083+00:00
2022-05-15T17:34:21.187057Z,14448855,0.15940000,2569.11761400,buy,2022-05-15 17:34:21.187057+00:00
2022-05-15T17:34:21.187057Z,14448854,0.15940000,795.10335000,buy,2022-05-15 17:34:21.187057+00:00
2022-05-15T17:34:21.187057Z,14448853,0.15940000,820.00000000,buy,2022-05-15 17:34:21.187057+00:00
2022-05-15T17:34:21.187057Z,14448852,0.15950000,1600.00000000,buy,2022-05-15 17:34:21.187057+00:00
2022-05-15T17:34:21.187057Z,14448851,0.15950000,519.44325200,buy,2022-05-15 17:34:21.187057+00:00
2022-05-15T17:34:05.486081Z,14448850,0.15970000,33.76428800,sell,2022-05-15 17:34:05.486081+00:00
2022-05-15T17:33:44.487154Z,14448849,0.15950000,493.78434300,buy,2022-05-15 17:33:44.487154+00:00
2022-05-15T17:33:44.487154Z,14448848,0.15950000,1600.00000000,buy,2022-05-15 17:33:44.487154+00:00
2022-05-15T17:33:44.487154Z,14448847,0.15950000,423.48239000,buy,2022-05-15 17:33:44.487154+00:00
2022-05-15T17:33:42.363871Z,14448846,0.15970000,1607.72300000,sell,2022-05-15 17:33:42.363871+00:00
2022-05-15T17:33:41.104321Z,14448845,0.15970000,7.97139500,sell,2022-05-15 17:33:41.104321+00:00
2022-05-15T17:33:32.642974Z,14448844,0.15960000,4.00000000,sell,2022-05-15 17:33:32.642974+00:00
2022-05-15T17:33:25.630708Z,14448843,0.15960000,298.86128600,sell,2022-05-15 17:33:25.630708+00:00
2022-05-15T17:33:25.630708Z,14448842,0.15960000,0.26223500,sell,2022-05-15 17:33:25.630708+00:00
2022-05-15T17:32:32.858738Z,14448841,0.15960000,1.00000000,sell,2022-05-15 17:32:32.858738+00:00
2022-05-15T17:32:32.058217Z,14448840,0.15960000,7.72306900,sell,2022-05-15 17:32:32.058217+00:00
2022-05-15T17:32:15.016334Z,14448839,0.15950000,1600.00000000,buy,2022-05-15 17:32:15.016334+00:00
2022-05-15T17:32:07.901548Z,14448838,0.15930000,5674.56402000,sell,2022-05-15 17:32:07.901548+00:00
2022-05-15T17:32:07.901548Z,14448837,0.15930000,820.00000000,sell,2022-05-15 17:32:07.901548+00:00
2022-05-15T17:31:52.761333Z,14448836,0.15920000,0.14957400,buy,2022-05-15 17:31:52.761333+00:00
2022-05-15T17:31:48.435669Z,14448835,0.15920000,1.00000000,buy,2022-05-15 17:31:48.435669+00:00
2022-05-15T17:31:27.576565Z,14448834,0.15930000,1600.00000000,sell,2022-05-15 17:31:27.576565+00:00
2022-05-15T17:31:26.677063Z,14448833,0.15940000,0.27350000,buy,2022-05-15 17:31:26.677063+00:00
2022-05-15T17:31:22.756736Z,14448832,0.15940000,6.00000000,buy,2022-05-15 17:31:22.756736+00:00
2022-05-15T17:31:18.813015Z,14448831,0.15950000,3.00000000,buy,2022-05-15 17:31:18.813015+00:00
2022-05-15T17:31:05.495903Z,14448830,0.15980000,0.00003000,buy,2022-05-15 17:31:05.495903+00:00
2022-05-15T17:31:05.44953Z,14448829,0.15980000,6.11790000,buy,2022-05-15 17:31:05.449530+00:00
2022-05-15T17:30:46.963719Z,14448828,0.15980000,1600.00000000,sell,2022-05-15 17:30:46.963719+00:00
2022-05-15T17:30:44.256053Z,14448827,0.16000000,1000.00000000,buy,2022-05-15 17:30:44.256053+00:00
2022-05-15T17:30:44.256053Z,14448826,0.16010000,0.24610000,buy,2022-05-15 17:30:44.256053+00:00
2022-05-15T17:30:42.522813Z,14448825,0.16010000,6.00000000,buy,2022-05-15 17:30:42.522813+00:00
2022-05-15T17:30:11.075875Z,14448824,0.16050000,2706.77728100,buy,2022-05-15 17:30:11.075875+00:00
2022-05-15T17:30:10.614423Z,14448823,0.16050000,2882.95805100,buy,2022-05-15 17:30:10.614423+00:00
2022-05-15T17:30:10.598675Z,14448822,0.16050000,3070.60620800,buy,2022-05-15 17:30:10.598675+00:00
2022-05-15T17:30:09.995878Z,14448821,0.16050000,3270.46815100,buy,2022-05-15 17:30:09.995878+00:00
2022-05-15T17:30:05.83432Z,14448820,0.16050000,3483.33885900,buy,2022-05-15 17:30:05.834320+00:00
2022-05-15T17:30:04.892459Z,14448819,0.16050000,2500.38420000,buy,2022-05-15 17:30:04.892459+00:00
2022-05-15T17:28:51.520874Z,14448818,0.16070000,30.68234300,buy,2022-05-15 17:28:51.520874+00:00
2022-05-15T17:27:51.959535Z,14448817,0.16080000,9.00000000,sell,2022-05-15 17:27:51.959535+00:00
2022-05-15T17:26:36.959644Z,14448816,0.16080000,400.00000000,buy,2022-05-15 17:26:36.959644+00:00
2022-05-15T17:26:36.959644Z,14448815,0.16080000,1600.00000000,buy,2022-05-15 17:26:36.959644+00:00
2022-05-15T17:26:35.091591Z,14448814,0.16080000,3790.15786300,sell,2022-05-15 17:26:35.091591+00:00
2022-05-15T17:22:37.731021Z,14448813,0.16080000,281.69851000,buy,2022-05-15 17:22:37.731021+00:00
2022-05-15T17:22:37.731021Z,14448812,0.16080000,6.21890000,buy,2022-05-15 17:22:37.731021+00:00
2022-05-15T17:22:37.484498Z,14448811,0.16100000,9.00000000,sell,2022-05-15 17:22:37.484498+00:00
2022-05-15T17:22:07.307535Z,14448810,0.16120000,12.40694800,sell,2022-05-15 17:22:07.307535+00:00
2022-05-15T17:21:59.031877Z,14448809,0.16110000,12.00000000,buy,2022-05-15 17:21:59.031877+00:00
2022-05-15T17:20:55.805961Z,14448808,0.16130000,29.23771400,sell,2022-05-15 17:20:55.805961+00:00
2022-05-15T17:17:57.618411Z,14448807,0.16150000,2252.79228700,sell,2022-05-15 17:17:57.618411+00:00
2022-05-15T17:17:21.827144Z,14448806,0.16130000,3826.47927800,buy,2022-05-15 17:17:21.827144+00:00
2022-05-15T17:17:21.827144Z,14448805,0.16130000,820.00000000,buy,2022-05-15 17:17:21.827144+00:00
2022-05-15T17:17:21.827144Z,14448804,0.16140000,820.00000000,buy,2022-05-15 17:17:21.827144+00:00
2022-05-15T17:17:21.827144Z,14448803,0.16140000,2448.52072200,buy,2022-05-15 17:17:21.827144+00:00
2022-05-15T17:17:21.827144Z,14448802,0.16140000,1600.00000000,buy,2022-05-15 17:17:21.827144+00:00
2022-05-15T17:17:21.827144Z,14448801,0.16150000,1600.00000000,buy,2022-05-15 17:17:21.827144+00:00
2022-05-15T17:17:17.71287Z,14448800,0.16160000,1600.00000000,buy,2022-05-15 17:17:17.712870+00:00
2022-05-15T17:17:13.899338Z,14448799,0.16170000,6597.62603300,sell,2022-05-15 17:17:13.899338+00:00
2022-05-15T17:17:13.899338Z,14448798,0.16170000,820.00000000,sell,2022-05-15 17:17:13.899338+00:00
2022-05-15T17:16:59.250918Z,14448797,0.16160000,820.00000000,sell,2022-05-15 17:16:59.250918+00:00
2022-05-15T17:16:59.23582Z,14448796,0.16140000,820.00000000,sell,2022-05-15 17:16:59.235820+00:00
2022-05-15T17:16:59.212785Z,14448795,0.16160000,538.38889800,sell,2022-05-15 17:16:59.212785+00:00
2022-05-15T17:16:59.212785Z,14448794,0.16160000,1152.89663500,sell,2022-05-15 17:16:59.212785+00:00
2022-05-15T17:16:59.212785Z,14448793,0.16160000,295.96906600,sell,2022-05-15 17:16:59.212785+00:00
2022-05-15T17:16:59.198882Z,14448792,0.16170000,900.00000000,sell,2022-05-15 17:16:59.198882+00:00
2022-05-15T17:16:59.164556Z,14448791,0.16170000,18817.01508200,sell,2022-05-15 17:16:59.164556+00:00
2022-05-15T17:16:59.164556Z,14448790,0.16170000,1226.81121000,sell,2022-05-15 17:16:59.164556+00:00
2022-05-15T17:16:59.164556Z,14448789,0.16160000,1100.00000000,sell,2022-05-15 17:16:59.164556+00:00
2022-05-15T17:16:59.164556Z,14448788,0.16160000,2346.84530300,sell,2022-05-15 17:16:59.164556+00:00
2022-05-15T17:16:59.164556Z,14448787,0.16160000,893.08243800,sell,2022-05-15 17:16:59.164556+00:00
2022-05-15T17:16:59.164556Z,14448786,0.16160000,1206.41875400,sell,2022-05-15 17:16:59.164556+00:00
2022-05-15T17:16:59.164556Z,14448785,0.16150000,1000.00000000,sell,2022-05-15 17:16:59.164556+00:00
2022-05-15T17:16:59.164556Z,14448784,0.16150000,46358.94032000,sell,2022-05-15 17:16:59.164556+00:00
2022-05-15T17:16:59.164556Z,14448783,0.16150000,31.00000000,sell,2022-05-15 17:16:59.164556+00:00
2022-05-15T17:16:59.164556Z,14448782,0.16150000,6.19200000,sell,2022-05-15 17:16:59.164556+00:00
2022-05-15T17:16:59.164556Z,14448781,0.16140000,6921.20935600,sell,2022-05-15 17:16:59.164556+00:00
2022-05-15T17:16:59.164556Z,14448780,0.16140000,2384.28819000,sell,2022-05-15 17:16:59.164556+00:00
2022-05-15T17:16:59.164556Z,14448779,0.16140000,14800.93943700,sell,2022-05-15 17:16:59.164556+00:00
2022-05-15T17:16:59.164556Z,14448778,0.16140000,15000.00000000,sell,2022-05-15 17:16:59.164556+00:00
2022-05-15T17:16:59.164556Z,14448777,0.16140000,2887.61509200,sell,2022-05-15 17:16:59.164556+00:00
2022-05-15T17:16:59.164556Z,14448776,0.16130000,22632.29892000,sell,2022-05-15 17:16:59.164556+00:00
2022-05-15T17:16:59.164556Z,14448775,0.16130000,4635.61661900,sell,2022-05-15 17:16:59.164556+00:00
2022-05-15T17:16:59.164556Z,14448774,0.16130000,3708.65477500,sell,2022-05-15 17:16:59.164556+00:00
2022-05-15T17:16:59.164556Z,14448773,0.16130000,9444.90008000,sell,2022-05-15 17:16:59.164556+00:00
2022-05-15T17:16:59.164556Z,14448772,0.16120000,1600.00000000,sell,2022-05-15 17:16:59.164556+00:00
2022-05-15T17:16:59.164556Z,14448771,0.16120000,75.51866500,sell,2022-05-15 17:16:59.164556+00:00
2022-05-15T17:16:54.564972Z,14448770,0.16120000,15.14163500,sell,2022-05-15 17:16:54.564972+00:00
2022-05-15T17:16:27.090896Z,14448769,0.16090000,10.00000000,buy,2022-05-15 17:16:27.090896+00:00
2022-05-15T17:15:28.366996Z,14448768,0.16090000,453.57364800,buy,2022-05-15 17:15:28.366996+00:00
2022-05-15T17:15:28.366996Z,14448767,0.16100000,1600.00000000,buy,2022-05-15 17:15:28.366996+00:00
2022-05-15T17:15:19.728586Z,14448766,0.16100000,599.54884000,sell,2022-05-15 17:15:19.728586+00:00
2022-05-15T17:15:06.13883Z,14448765,0.16070000,23.80599000,buy,2022-05-15 17:15:06.138830+00:00
2022-05-15T17:15:06.13883Z,14448764,0.16080000,12.00000000,buy,2022-05-15 17:15:06.138830+00:00
2022-05-15T17:14:17.317821Z,14448763,0.16100000,2351.31829900,sell,2022-05-15 17:14:17.317821+00:00
2022-05-15T17:14:17.149807Z,14448762,0.16090000,4308.92994500,sell,2022-05-15 17:14:17.149807+00:00
2022-05-15T17:13:42.913345Z,14448761,0.16090000,96.32878200,sell,2022-05-15 17:13:42.913345+00:00
2022-05-15T17:13:00.236571Z,14448760,0.16100000,377.52720700,sell,2022-05-15 17:13:00.236571+00:00
2022-05-15T17:13:00.236571Z,14448759,0.16090000,4986.50821100,sell,2022-05-15 17:13:00.236571+00:00
2022-05-15T17:13:00.236571Z,14448758,0.16090000,820.00000000,sell,2022-05-15 17:13:00.236571+00:00
2022-05-15T17:11:42.769766Z,14448757,0.16060000,3.74495000,buy,2022-05-15 17:11:42.769766+00:00
2022-05-15T17:11:42.769766Z,14448756,0.16060000,0.54864800,buy,2022-05-15 17:11:42.769766+00:00
2022-05-15T17:11:13.08444Z,14448755,0.16060000,84.00000000,buy,2022-05-15 17:11:13.084440+00:00
2022-05-15T17:11:12.997096Z,14448754,0.16060000,12800.00000000,buy,2022-05-15 17:11:12.997096+00:00
2022-05-15T17:10:37.33903Z,14448753,0.16080000,5.66441800,buy,2022-05-15 17:10:37.339030+00:00
2022-05-15T17:10:18.271466Z,14448752,0.16080000,1600.00000000,sell,2022-05-15 17:10:18.271466+00:00
2022-05-15T17:10:15.576093Z,14448751,0.16090000,0.00005200,buy,2022-05-15 17:10:15.576093+00:00
2022-05-15T17:10:07.765497Z,14448750,0.16090000,463.63760000,buy,2022-05-15 17:10:07.765497+00:00
2022-05-15T17:09:18.84874Z,14448749,0.16120000,17.00000000,buy,2022-05-15 17:09:18.848740+00:00
2022-05-15T17:09:05.485027Z,14448748,0.16140000,396.89777000,sell,2022-05-15 17:09:05.485027+00:00
2022-05-15T17:09:05.485027Z,14448747,0.16130000,3.10223000,sell,2022-05-15 17:09:05.485027+00:00
2022-05-15T17:09:05.485027Z,14448746,0.16130000,600.00000000,sell,2022-05-15 17:09:05.485027+00:00
2022-05-15T17:08:54.721123Z,14448745,0.16130000,1000.00000000,sell,2022-05-15 17:08:54.721123+00:00
2022-05-15T17:08:40.223305Z,14448744,0.16130000,3684.64970600,sell,2022-05-15 17:08:40.223305+00:00
2022-05-15T17:08:40.223305Z,14448743,0.16130000,820.00000000,sell,2022-05-15 17:08:40.223305+00:00
2022-05-15T17:08:40.223305Z,14448742,0.16130000,18.00000000,sell,2022-05-15 17:08:40.223305+00:00
2022-05-15T17:08:40.223305Z,14448741,0.16120000,5430.55255100,sell,2022-05-15 17:08:40.223305+00:00
2022-05-15T17:08:40.223305Z,14448740,0.16120000,820.00000000,sell,2022-05-15 17:08:40.223305+00:00
2022-05-15T17:08:40.223305Z,14448739,0.16120000,1600.00000000,sell,2022-05-15 17:08:40.223305+00:00
2022-05-15T17:08:26.740689Z,14448738,0.16090000,1.56411600,buy,2022-05-15 17:08:26.740689+00:00
2022-05-15T17:07:01.322557Z,14448737,0.16090000,3129.80196600,sell,2022-05-15 17:07:01.322557+00:00
2022-05-15T17:06:03.301116Z,14448736,0.16060000,0.00005900,sell,2022-05-15 17:06:03.301116+00:00
2022-05-15T17:05:59.424066Z,14448735,0.16060000,13.10890000,sell,2022-05-15 17:05:59.424066+00:00
2022-05-15T17:05:29.290432Z,14448734,0.16060000,7.67976200,sell,2022-05-15 17:05:29.290432+00:00
2022-05-15T17:03:49.888769Z,14448733,0.16060000,15.00000000,sell,2022-05-15 17:03:49.888769+00:00
2022-05-15T17:03:27.73221Z,14448732,0.16040000,3.22830000,buy,2022-05-15 17:03:27.732210+00:00
