time,trade_id,price,size,side,date
2022-05-15T21:11:24.5865Z,2276887,0.86900000,94.73000000,sell,2022-05-15 21:11:24.586500+00:00
2022-05-15T21:11:01.443029Z,2276886,0.87100000,84.82000000,sell,2022-05-15 21:11:01.443029+00:00
2022-05-15T21:11:01.443029Z,2276885,0.87100000,30.00000000,sell,2022-05-15 21:11:01.443029+00:00
2022-05-15T21:10:06.634274Z,2276884,0.86900000,0.90000000,buy,2022-05-15 21:10:06.634274+00:00
2022-05-15T21:10:06.634274Z,2276883,0.86900000,1.21000000,buy,2022-05-15 21:10:06.634274+00:00
2022-05-15T21:10:01.743969Z,2276882,0.87000000,645.08000000,buy,2022-05-15 21:10:01.743969+00:00
2022-05-15T21:10:01.570562Z,2276881,0.87000000,44.00000000,buy,2022-05-15 21:10:01.570562+00:00
2022-05-15T21:09:59.053825Z,2276880,0.87000000,0.90000000,buy,2022-05-15 21:09:59.053825+00:00
2022-05-15T21:09:41.298288Z,2276879,0.87200000,93.93000000,buy,2022-05-15 21:09:41.298288+00:00
2022-05-15T21:09:35.456187Z,2276878,0.87100000,79.68000000,sell,2022-05-15 21:09:35.456187+00:00
2022-05-15T21:09:35.377239Z,2276877,0.87100000,1.20000000,buy,2022-05-15 21:09:35.377239+00:00
2022-05-15T21:09:20.967768Z,2276876,0.87400000,129.35000000,buy,2022-05-15 21:09:20.967768+00:00
2022-05-15T21:09:13.347675Z,2276875,0.87400000,2.27000000,sell,2022-05-15 21:09:13.347675+00:00
2022-05-15T21:08:59.139761Z,2276874,0.87200000,689.08000000,buy,2022-05-15 21:08:59.139761+00:00
2022-05-15T21:08:48.843944Z,2276873,0.87300000,3.12000000,buy,2022-05-15 21:08:48.843944+00:00
2022-05-15T21:08:37.097821Z,2276872,0.87500000,255.21000000,sell,2022-05-15 21:08:37.097821+00:00
2022-05-15T21:08:32.093235Z,2276871,0.87500000,255.20000000,sell,2022-05-15 21:08:32.093235+00:00
2022-05-15T21:08:27.096536Z,2276870,0.87500000,93.41000000,sell,2022-05-15 21:08:27.096536+00:00
2022-05-15T21:08:27.096536Z,2276869,0.87500000,40.00000000,sell,2022-05-15 21:08:27.096536+00:00
2022-05-15T21:08:08.741133Z,2276868,0.87200000,533.53000000,buy,2022-05-15 21:08:08.741133+00:00
2022-05-15T21:07:29.101384Z,2276867,0.87300000,153.32000000,sell,2022-05-15 21:07:29.101384+00:00
2022-05-15T21:07:21.710044Z,2276866,0.87200000,69.12000000,buy,2022-05-15 21:07:21.710044+00:00
2022-05-15T21:07:08.915834Z,2276865,0.87300000,71.31000000,sell,2022-05-15 21:07:08.915834+00:00
2022-05-15T21:07:06.253309Z,2276864,0.87300000,75.55000000,sell,2022-05-15 21:07:06.253309+00:00
2022-05-15T21:06:58.575131Z,2276863,0.87300000,51.32000000,buy,2022-05-15 21:06:58.575131+00:00
2022-05-15T21:06:22.753207Z,2276862,0.87400000,40.00000000,buy,2022-05-15 21:06:22.753207+00:00
2022-05-15T21:06:13.648029Z,2276861,0.87500000,30.00000000,sell,2022-05-15 21:06:13.648029+00:00
2022-05-15T21:06:13.62278Z,2276860,0.87500000,30.00000000,buy,2022-05-15 21:06:13.622780+00:00
2022-05-15T21:06:08.614567Z,2276859,0.87400000,102.60000000,buy,2022-05-15 21:06:08.614567+00:00
2022-05-15T21:06:07.917799Z,2276858,0.87700000,570.13000000,sell,2022-05-15 21:06:07.917799+00:00
2022-05-15T21:06:03.801833Z,2276857,0.87600000,83.13000000,sell,2022-05-15 21:06:03.801833+00:00
2022-05-15T21:06:01.672654Z,2276856,0.87600000,81.00000000,buy,2022-05-15 21:06:01.672654+00:00
2022-05-15T21:05:52.680793Z,2276855,0.87600000,552.18000000,buy,2022-05-15 21:05:52.680793+00:00
2022-05-15T21:05:52.680793Z,2276854,0.87700000,689.08000000,buy,2022-05-15 21:05:52.680793+00:00
2022-05-15T21:04:41.406978Z,2276853,0.87800000,2.97000000,buy,2022-05-15 21:04:41.406978+00:00
2022-05-15T21:04:41.406978Z,2276852,0.87800000,116.98000000,buy,2022-05-15 21:04:41.406978+00:00
2022-05-15T21:03:28.138714Z,2276851,0.87900000,272.27000000,sell,2022-05-15 21:03:28.138714+00:00
2022-05-15T21:03:28.138714Z,2276850,0.87900000,5.80000000,sell,2022-05-15 21:03:28.138714+00:00
2022-05-15T21:03:28.138714Z,2276849,0.87900000,0.85000000,sell,2022-05-15 21:03:28.138714+00:00
2022-05-15T21:03:28.138714Z,2276848,0.87900000,1.20000000,sell,2022-05-15 21:03:28.138714+00:00
2022-05-15T21:03:23.599424Z,2276847,0.87800000,250.00000000,sell,2022-05-15 21:03:23.599424+00:00
2022-05-15T21:03:23.599424Z,2276846,0.87800000,0.85000000,sell,2022-05-15 21:03:23.599424+00:00
2022-05-15T21:03:22.123146Z,2276845,0.87700000,5.00000000,sell,2022-05-15 21:03:22.123146+00:00
2022-05-15T21:03:22.123146Z,2276844,0.87700000,286.68000000,sell,2022-05-15 21:03:22.123146+00:00
2022-05-15T21:03:22.123146Z,2276843,0.87700000,0.84000000,sell,2022-05-15 21:03:22.123146+00:00
2022-05-15T21:03:22.123146Z,2276842,0.87700000,1.21000000,sell,2022-05-15 21:03:22.123146+00:00
2022-05-15T21:03:19.391316Z,2276841,0.87600000,10.00000000,sell,2022-05-15 21:03:19.391316+00:00
2022-05-15T21:03:17.364982Z,2276840,0.87500000,287.36000000,sell,2022-05-15 21:03:17.364982+00:00
2022-05-15T21:03:17.364982Z,2276839,0.87500000,250.00000000,sell,2022-05-15 21:03:17.364982+00:00
2022-05-15T21:03:17.141211Z,2276838,0.87500000,1120.48000000,sell,2022-05-15 21:03:17.141211+00:00
2022-05-15T21:03:12.896576Z,2276837,0.87400000,90.23000000,buy,2022-05-15 21:03:12.896576+00:00
2022-05-15T21:03:06.003002Z,2276836,0.87400000,109.24000000,buy,2022-05-15 21:03:06.003002+00:00
2022-05-15T21:02:07.825538Z,2276835,0.87500000,35.67000000,sell,2022-05-15 21:02:07.825538+00:00
2022-05-15T21:02:07.825538Z,2276834,0.87500000,10.00000000,sell,2022-05-15 21:02:07.825538+00:00
2022-05-15T21:02:06.761637Z,2276833,0.87600000,1519.53000000,sell,2022-05-15 21:02:06.761637+00:00
2022-05-15T21:02:06.761637Z,2276832,0.87600000,169.01000000,sell,2022-05-15 21:02:06.761637+00:00
2022-05-15T21:02:06.761637Z,2276831,0.87600000,0.84000000,sell,2022-05-15 21:02:06.761637+00:00
2022-05-15T21:02:06.761637Z,2276830,0.87500000,172.96000000,sell,2022-05-15 21:02:06.761637+00:00
2022-05-15T21:02:06.761637Z,2276829,0.87500000,184.92000000,sell,2022-05-15 21:02:06.761637+00:00
2022-05-15T21:02:06.761637Z,2276828,0.87500000,207.46000000,sell,2022-05-15 21:02:06.761637+00:00
2022-05-15T21:02:06.761637Z,2276827,0.87500000,119.32000000,sell,2022-05-15 21:02:06.761637+00:00
2022-05-15T21:02:06.761637Z,2276826,0.87500000,179.14000000,sell,2022-05-15 21:02:06.761637+00:00
2022-05-15T21:02:06.761637Z,2276825,0.87500000,1.21000000,sell,2022-05-15 21:02:06.761637+00:00
2022-05-15T21:02:06.761637Z,2276824,0.87500000,0.89000000,sell,2022-05-15 21:02:06.761637+00:00
2022-05-15T21:02:06.761637Z,2276823,0.87500000,1067.94000000,sell,2022-05-15 21:02:06.761637+00:00
2022-05-15T21:02:06.761637Z,2276822,0.87400000,217.58000000,sell,2022-05-15 21:02:06.761637+00:00
2022-05-15T21:02:06.761637Z,2276821,0.87400000,40.00000000,sell,2022-05-15 21:02:06.761637+00:00
2022-05-15T21:02:06.761637Z,2276820,0.87400000,181.52000000,sell,2022-05-15 21:02:06.761637+00:00
2022-05-15T21:02:06.761637Z,2276819,0.87400000,114.10000000,sell,2022-05-15 21:02:06.761637+00:00
2022-05-15T21:02:06.761637Z,2276818,0.87400000,250.00000000,sell,2022-05-15 21:02:06.761637+00:00
2022-05-15T21:02:06.761637Z,2276817,0.87300000,287.97000000,sell,2022-05-15 21:02:06.761637+00:00
2022-05-15T21:02:06.761637Z,2276816,0.87200000,422.60000000,sell,2022-05-15 21:02:06.761637+00:00
2022-05-15T21:01:46.016776Z,2276815,0.87200000,184.12000000,sell,2022-05-15 21:01:46.016776+00:00
2022-05-15T21:01:46.016776Z,2276814,0.87100000,74.47000000,sell,2022-05-15 21:01:46.016776+00:00
2022-05-15T21:01:30.474968Z,2276813,0.87200000,22.94000000,sell,2022-05-15 21:01:30.474968+00:00
2022-05-15T20:59:53.858426Z,2276812,0.87100000,297.74000000,sell,2022-05-15 20:59:53.858426+00:00
2022-05-15T20:59:53.648926Z,2276811,0.87100000,689.20000000,sell,2022-05-15 20:59:53.648926+00:00
2022-05-15T20:59:53.648926Z,2276810,0.87100000,184.42000000,sell,2022-05-15 20:59:53.648926+00:00
2022-05-15T20:59:53.648926Z,2276809,0.87100000,30.00000000,sell,2022-05-15 20:59:53.648926+00:00
2022-05-15T20:59:53.648926Z,2276808,0.87100000,2036.91000000,sell,2022-05-15 20:59:53.648926+00:00
2022-05-15T20:59:53.648926Z,2276807,0.87000000,2800.00000000,sell,2022-05-15 20:59:53.648926+00:00
2022-05-15T20:56:06.520026Z,2276806,0.86900000,115.08000000,sell,2022-05-15 20:56:06.520026+00:00
2022-05-15T20:55:43.572908Z,2276805,0.86700000,124.99000000,buy,2022-05-15 20:55:43.572908+00:00
2022-05-15T20:55:02.835981Z,2276804,0.86700000,101.37000000,sell,2022-05-15 20:55:02.835981+00:00
2022-05-15T20:54:49.360159Z,2276803,0.86700000,23.07000000,sell,2022-05-15 20:54:49.360159+00:00
2022-05-15T20:54:18.86509Z,2276802,0.86800000,575.19000000,sell,2022-05-15 20:54:18.865090+00:00
2022-05-15T20:54:17.248991Z,2276801,0.86600000,0.89000000,buy,2022-05-15 20:54:17.248991+00:00
2022-05-15T20:54:17.248991Z,2276800,0.86700000,287.05000000,buy,2022-05-15 20:54:17.248991+00:00
2022-05-15T20:54:16.833585Z,2276799,0.86800000,574.67000000,sell,2022-05-15 20:54:16.833585+00:00
2022-05-15T20:54:14.513026Z,2276798,0.86700000,1.21000000,buy,2022-05-15 20:54:14.513026+00:00
2022-05-15T20:54:14.096599Z,2276797,0.86800000,286.73000000,buy,2022-05-15 20:54:14.096599+00:00
2022-05-15T20:54:11.074446Z,2276796,0.87200000,10.00000000,sell,2022-05-15 20:54:11.074446+00:00
2022-05-15T20:54:10.697334Z,2276795,0.87000000,40.00000000,buy,2022-05-15 20:54:10.697334+00:00
2022-05-15T20:54:10.697334Z,2276794,0.87000000,286.14000000,buy,2022-05-15 20:54:10.697334+00:00
2022-05-15T20:53:40.443355Z,2276793,0.87300000,117.41000000,sell,2022-05-15 20:53:40.443355+00:00
2022-05-15T20:53:38.414625Z,2276792,0.87400000,454.59000000,sell,2022-05-15 20:53:38.414625+00:00
2022-05-15T20:53:38.414625Z,2276791,0.87400000,117.40000000,sell,2022-05-15 20:53:38.414625+00:00
2022-05-15T20:53:38.383478Z,2276790,0.87000000,1868.86000000,buy,2022-05-15 20:53:38.383478+00:00
2022-05-15T20:53:38.383478Z,2276789,0.87000000,2591.56000000,buy,2022-05-15 20:53:38.383478+00:00
2022-05-15T20:53:38.383478Z,2276788,0.87000000,2036.91000000,buy,2022-05-15 20:53:38.383478+00:00
2022-05-15T20:53:38.383478Z,2276787,0.87000000,114.54000000,buy,2022-05-15 20:53:38.383478+00:00
2022-05-15T20:53:38.383478Z,2276786,0.87000000,165.51000000,buy,2022-05-15 20:53:38.383478+00:00
2022-05-15T20:53:38.383478Z,2276785,0.87100000,217.12000000,buy,2022-05-15 20:53:38.383478+00:00
2022-05-15T20:53:38.383478Z,2276784,0.87100000,217.58000000,buy,2022-05-15 20:53:38.383478+00:00
2022-05-15T20:53:38.383478Z,2276783,0.87100000,986.94000000,buy,2022-05-15 20:53:38.383478+00:00
2022-05-15T20:53:38.383478Z,2276782,0.87100000,114.54000000,buy,2022-05-15 20:53:38.383478+00:00
2022-05-15T20:53:38.383478Z,2276781,0.87100000,172.83000000,buy,2022-05-15 20:53:38.383478+00:00
2022-05-15T20:53:38.383478Z,2276780,0.87100000,30.00000000,buy,2022-05-15 20:53:38.383478+00:00
2022-05-15T20:53:38.383478Z,2276779,0.87100000,286.02000000,buy,2022-05-15 20:53:38.383478+00:00
2022-05-15T20:53:38.383478Z,2276778,0.87200000,87.26000000,buy,2022-05-15 20:53:38.383478+00:00
2022-05-15T20:53:38.383478Z,2276777,0.87200000,112.78000000,buy,2022-05-15 20:53:38.383478+00:00
2022-05-15T20:53:38.383478Z,2276776,0.87200000,176.38000000,buy,2022-05-15 20:53:38.383478+00:00
2022-05-15T20:53:38.383478Z,2276775,0.87200000,30.00000000,buy,2022-05-15 20:53:38.383478+00:00
2022-05-15T20:53:38.383478Z,2276774,0.87300000,72.09000000,buy,2022-05-15 20:53:38.383478+00:00
2022-05-15T20:53:38.383478Z,2276773,0.87300000,30.00000000,buy,2022-05-15 20:53:38.383478+00:00
2022-05-15T20:53:38.383478Z,2276772,0.87400000,689.08000000,buy,2022-05-15 20:53:38.383478+00:00
2022-05-15T20:53:30.538827Z,2276771,0.87400000,94.23000000,sell,2022-05-15 20:53:30.538827+00:00
2022-05-15T20:53:25.497905Z,2276770,0.87500000,250.00000000,sell,2022-05-15 20:53:25.497905+00:00
2022-05-15T20:52:59.220303Z,2276769,0.87500000,22.92000000,sell,2022-05-15 20:52:59.220303+00:00
2022-05-15T20:52:58.851476Z,2276768,0.87500000,285.72000000,sell,2022-05-15 20:52:58.851476+00:00
2022-05-15T20:52:57.731452Z,2276767,0.87500000,16.29000000,sell,2022-05-15 20:52:57.731452+00:00
2022-05-15T20:52:47.979645Z,2276766,0.87400000,120.49000000,buy,2022-05-15 20:52:47.979645+00:00
2022-05-15T20:52:25.577627Z,2276765,0.87500000,22.86000000,sell,2022-05-15 20:52:25.577627+00:00
2022-05-15T20:52:04.027528Z,2276764,0.87500000,138.68000000,sell,2022-05-15 20:52:04.027528+00:00
2022-05-15T20:52:00.069876Z,2276763,0.87500000,17.84000000,sell,2022-05-15 20:52:00.069876+00:00
2022-05-15T20:51:59.019188Z,2276762,0.87500000,36.94000000,sell,2022-05-15 20:51:59.019188+00:00
2022-05-15T20:51:59.019188Z,2276761,0.87400000,74.86000000,sell,2022-05-15 20:51:59.019188+00:00
2022-05-15T20:50:52.228416Z,2276760,0.87400000,45.77000000,sell,2022-05-15 20:50:52.228416+00:00
2022-05-15T20:50:15.744292Z,2276759,0.87500000,1140.81000000,sell,2022-05-15 20:50:15.744292+00:00
2022-05-15T20:50:15.744292Z,2276758,0.87500000,1.21000000,sell,2022-05-15 20:50:15.744292+00:00
2022-05-15T20:50:15.744292Z,2276757,0.87500000,0.84000000,sell,2022-05-15 20:50:15.744292+00:00
2022-05-15T20:50:14.48654Z,2276756,0.87400000,0.84000000,sell,2022-05-15 20:50:14.486540+00:00
2022-05-15T20:50:07.985264Z,2276755,0.87300000,0.71000000,sell,2022-05-15 20:50:07.985264+00:00
2022-05-15T20:50:07.985264Z,2276754,0.87300000,0.86000000,sell,2022-05-15 20:50:07.985264+00:00
2022-05-15T20:50:07.985264Z,2276753,0.87300000,1.21000000,sell,2022-05-15 20:50:07.985264+00:00
2022-05-15T20:50:07.985264Z,2276752,0.87300000,0.84000000,sell,2022-05-15 20:50:07.985264+00:00
2022-05-15T20:48:35.136907Z,2276751,0.87000000,25.00000000,buy,2022-05-15 20:48:35.136907+00:00
2022-05-15T20:47:24.830395Z,2276750,0.87200000,0.33000000,sell,2022-05-15 20:47:24.830395+00:00
2022-05-15T20:47:03.237619Z,2276749,0.87100000,502.29000000,sell,2022-05-15 20:47:03.237619+00:00
2022-05-15T20:45:41.70552Z,2276748,0.86900000,40.00000000,buy,2022-05-15 20:45:41.705520+00:00
2022-05-15T20:45:27.968508Z,2276747,0.87000000,99.40000000,buy,2022-05-15 20:45:27.968508+00:00
2022-05-15T20:45:22.749444Z,2276746,0.87100000,67.95000000,sell,2022-05-15 20:45:22.749444+00:00
2022-05-15T20:45:17.748077Z,2276745,0.87100000,305.99000000,sell,2022-05-15 20:45:17.748077+00:00
2022-05-15T20:45:13.289167Z,2276744,0.86900000,250.00000000,buy,2022-05-15 20:45:13.289167+00:00
2022-05-15T20:45:12.760582Z,2276743,0.87100000,0.89000000,sell,2022-05-15 20:45:12.760582+00:00
2022-05-15T20:45:12.760582Z,2276742,0.87100000,1.21000000,sell,2022-05-15 20:45:12.760582+00:00
2022-05-15T20:43:31.830178Z,2276741,0.86900000,348.68000000,sell,2022-05-15 20:43:31.830178+00:00
2022-05-15T20:43:21.826385Z,2276740,0.86800000,30.00000000,sell,2022-05-15 20:43:21.826385+00:00
2022-05-15T20:43:21.826385Z,2276739,0.86800000,244.26000000,sell,2022-05-15 20:43:21.826385+00:00
2022-05-15T20:42:00.506594Z,2276738,0.86600000,98.37000000,sell,2022-05-15 20:42:00.506594+00:00
2022-05-15T20:41:56.386313Z,2276737,0.86500000,287.99000000,buy,2022-05-15 20:41:56.386313+00:00
2022-05-15T20:41:56.296258Z,2276736,0.86700000,112.57000000,buy,2022-05-15 20:41:56.296258+00:00
2022-05-15T20:41:56.265374Z,2276735,0.86700000,576.51000000,buy,2022-05-15 20:41:56.265374+00:00
2022-05-15T20:37:49.421518Z,2276734,0.86200000,4.83000000,buy,2022-05-15 20:37:49.421518+00:00
2022-05-15T20:37:49.421518Z,2276733,0.86200000,0.89000000,buy,2022-05-15 20:37:49.421518+00:00
2022-05-15T20:37:49.421518Z,2276732,0.86300000,10.00000000,buy,2022-05-15 20:37:49.421518+00:00
2022-05-15T20:37:24.808861Z,2276731,0.86400000,17.61000000,buy,2022-05-15 20:37:24.808861+00:00
2022-05-15T20:37:24.808861Z,2276730,0.86400000,80.73000000,buy,2022-05-15 20:37:24.808861+00:00
2022-05-15T20:37:03.404334Z,2276729,0.86600000,126.94000000,sell,2022-05-15 20:37:03.404334+00:00
2022-05-15T20:37:01.037768Z,2276728,0.86500000,0.57000000,buy,2022-05-15 20:37:01.037768+00:00
2022-05-15T20:36:44.027705Z,2276727,0.86400000,73.25000000,sell,2022-05-15 20:36:44.027705+00:00
2022-05-15T20:36:43.013517Z,2276726,0.86400000,41.81000000,buy,2022-05-15 20:36:43.013517+00:00
2022-05-15T20:35:11.735356Z,2276725,0.86700000,94.47000000,buy,2022-05-15 20:35:11.735356+00:00
2022-05-15T20:34:42.277143Z,2276724,0.86700000,77.25000000,buy,2022-05-15 20:34:42.277143+00:00
2022-05-15T20:34:32.372708Z,2276723,0.86800000,30.00000000,buy,2022-05-15 20:34:32.372708+00:00
2022-05-15T20:34:32.045298Z,2276722,0.86800000,213.67000000,sell,2022-05-15 20:34:32.045298+00:00
2022-05-15T20:34:29.701063Z,2276721,0.86700000,84.47000000,sell,2022-05-15 20:34:29.701063+00:00
2022-05-15T20:33:52.109719Z,2276720,0.86600000,288.81000000,sell,2022-05-15 20:33:52.109719+00:00
2022-05-15T20:33:28.432Z,2276719,0.86500000,80.19000000,sell,2022-05-15 20:33:28.432000+00:00
2022-05-15T20:33:23.366714Z,2276718,0.86600000,95.09000000,buy,2022-05-15 20:33:23.366714+00:00
2022-05-15T20:33:21.103636Z,2276717,0.86500000,82.93000000,sell,2022-05-15 20:33:21.103636+00:00
2022-05-15T20:32:48.022967Z,2276716,0.86700000,80.29000000,buy,2022-05-15 20:32:48.022967+00:00
2022-05-15T20:32:47.989736Z,2276715,0.86700000,68.80000000,buy,2022-05-15 20:32:47.989736+00:00
2022-05-15T20:32:45.8769Z,2276714,0.86600000,2.21000000,sell,2022-05-15 20:32:45.876900+00:00
2022-05-15T20:31:46.089775Z,2276713,0.86600000,577.37000000,sell,2022-05-15 20:31:46.089775+00:00
2022-05-15T20:31:27.698937Z,2276712,0.86600000,149.84000000,sell,2022-05-15 20:31:27.698937+00:00
2022-05-15T20:31:22.730212Z,2276711,0.86700000,26.48000000,sell,2022-05-15 20:31:22.730212+00:00
2022-05-15T20:31:22.730212Z,2276710,0.86500000,40.00000000,sell,2022-05-15 20:31:22.730212+00:00
2022-05-15T20:31:17.693297Z,2276709,0.86400000,30.00000000,sell,2022-05-15 20:31:17.693297+00:00
2022-05-15T20:31:17.693297Z,2276708,0.86400000,108.76000000,sell,2022-05-15 20:31:17.693297+00:00
2022-05-15T20:31:12.698578Z,2276707,0.86500000,337.44000000,sell,2022-05-15 20:31:12.698578+00:00
2022-05-15T20:31:12.698578Z,2276706,0.86400000,40.00000000,sell,2022-05-15 20:31:12.698578+00:00
2022-05-15T20:31:12.698578Z,2276705,0.86400000,89.06000000,sell,2022-05-15 20:31:12.698578+00:00
2022-05-15T20:31:12.416054Z,2276704,0.86300000,1.21000000,buy,2022-05-15 20:31:12.416054+00:00
2022-05-15T20:31:11.20427Z,2276703,0.86500000,11.58000000,sell,2022-05-15 20:31:11.204270+00:00
2022-05-15T20:31:08.331072Z,2276702,0.86500000,79.72000000,buy,2022-05-15 20:31:08.331072+00:00
2022-05-15T20:31:00.032811Z,2276701,0.86500000,67.69000000,buy,2022-05-15 20:31:00.032811+00:00
2022-05-15T20:30:55.495979Z,2276700,0.86400000,577.85000000,sell,2022-05-15 20:30:55.495979+00:00
2022-05-15T20:30:53.310604Z,2276699,0.86500000,70.79000000,sell,2022-05-15 20:30:53.310604+00:00
2022-05-15T20:30:49.771023Z,2276698,0.86700000,11.55000000,sell,2022-05-15 20:30:49.771023+00:00
2022-05-15T20:30:32.899803Z,2276697,0.86700000,72.17000000,buy,2022-05-15 20:30:32.899803+00:00
2022-05-15T20:30:32.703722Z,2276696,0.86900000,2991.56000000,buy,2022-05-15 20:30:32.703722+00:00
2022-05-15T20:30:32.682728Z,2276695,0.86900000,40.00000000,sell,2022-05-15 20:30:32.682728+00:00
2022-05-15T20:30:32.682728Z,2276694,0.86800000,633.92000000,sell,2022-05-15 20:30:32.682728+00:00
2022-05-15T20:30:32.682728Z,2276693,0.86800000,30.00000000,sell,2022-05-15 20:30:32.682728+00:00
2022-05-15T20:30:27.286385Z,2276692,0.86700000,500.00000000,buy,2022-05-15 20:30:27.286385+00:00
2022-05-15T20:30:27.281172Z,2276691,0.86700000,189.08000000,buy,2022-05-15 20:30:27.281172+00:00
2022-05-15T20:29:47.964179Z,2276690,0.86700000,40.00000000,buy,2022-05-15 20:29:47.964179+00:00
2022-05-15T20:29:44.011186Z,2276689,0.86700000,69.41000000,sell,2022-05-15 20:29:44.011186+00:00
2022-05-15T20:29:41.063897Z,2276688,0.86800000,689.08000000,buy,2022-05-15 20:29:41.063897+00:00
2022-05-15T20:29:38.539701Z,2276687,0.86800000,659.00000000,buy,2022-05-15 20:29:38.539701+00:00
2022-05-15T20:28:10.986682Z,2276686,0.86900000,0.35000000,buy,2022-05-15 20:28:10.986682+00:00
2022-05-15T20:26:42.96622Z,2276685,0.86700000,0.51000000,buy,2022-05-15 20:26:42.966220+00:00
2022-05-15T20:26:07.634497Z,2276684,0.86700000,396.97000000,sell,2022-05-15 20:26:07.634497+00:00
2022-05-15T20:26:07.634497Z,2276683,0.86600000,78.14000000,sell,2022-05-15 20:26:07.634497+00:00
2022-05-15T20:25:59.943925Z,2276682,0.86300000,0.33000000,buy,2022-05-15 20:25:59.943925+00:00
2022-05-15T20:25:50.878376Z,2276681,0.86500000,30.00000000,buy,2022-05-15 20:25:50.878376+00:00
2022-05-15T20:25:48.479005Z,2276680,0.86600000,70.57000000,buy,2022-05-15 20:25:48.479005+00:00
2022-05-15T20:25:42.636715Z,2276679,0.86600000,0.40000000,buy,2022-05-15 20:25:42.636715+00:00
2022-05-15T20:25:37.241327Z,2276678,0.86600000,14.20000000,buy,2022-05-15 20:25:37.241327+00:00
2022-05-15T20:25:31.260649Z,2276677,0.86700000,96.82000000,buy,2022-05-15 20:25:31.260649+00:00
2022-05-15T20:25:29.47839Z,2276676,0.86600000,50.00000000,buy,2022-05-15 20:25:29.478390+00:00
2022-05-15T20:24:58.404684Z,2276675,0.87200000,10.00000000,sell,2022-05-15 20:24:58.404684+00:00
2022-05-15T20:24:51.919531Z,2276674,0.87200000,21.31000000,sell,2022-05-15 20:24:51.919531+00:00
2022-05-15T20:24:51.919531Z,2276673,0.87200000,120.32000000,sell,2022-05-15 20:24:51.919531+00:00
2022-05-15T20:24:51.919531Z,2276672,0.87100000,288.77000000,sell,2022-05-15 20:24:51.919531+00:00
2022-05-15T20:24:51.919531Z,2276671,0.87100000,1.21000000,sell,2022-05-15 20:24:51.919531+00:00
2022-05-15T20:24:51.919531Z,2276670,0.87000000,3000.00000000,sell,2022-05-15 20:24:51.919531+00:00
2022-05-15T20:24:51.919531Z,2276669,0.87000000,5.86000000,sell,2022-05-15 20:24:51.919531+00:00
2022-05-15T20:24:51.919531Z,2276668,0.87000000,0.84000000,sell,2022-05-15 20:24:51.919531+00:00
2022-05-15T20:24:51.919531Z,2276667,0.86900000,1.22000000,sell,2022-05-15 20:24:51.919531+00:00
2022-05-15T20:24:51.919531Z,2276666,0.86900000,0.84000000,sell,2022-05-15 20:24:51.919531+00:00
2022-05-15T20:24:45.428434Z,2276665,0.86800000,0.84000000,sell,2022-05-15 20:24:45.428434+00:00
2022-05-15T20:24:45.137283Z,2276664,0.86800000,0.84000000,sell,2022-05-15 20:24:45.137283+00:00
2022-05-15T20:24:44.863993Z,2276663,0.86800000,0.84000000,sell,2022-05-15 20:24:44.863993+00:00
2022-05-15T20:24:44.59305Z,2276662,0.86800000,0.84000000,sell,2022-05-15 20:24:44.593050+00:00
2022-05-15T20:24:04.999867Z,2276661,0.86700000,68.35000000,sell,2022-05-15 20:24:04.999867+00:00
2022-05-15T20:24:04.999867Z,2276660,0.86700000,1.22000000,sell,2022-05-15 20:24:04.999867+00:00
2022-05-15T20:24:04.999867Z,2276659,0.86700000,0.84000000,sell,2022-05-15 20:24:04.999867+00:00
2022-05-15T20:24:04.999867Z,2276658,0.86600000,0.84000000,sell,2022-05-15 20:24:04.999867+00:00
2022-05-15T20:23:41.707968Z,2276657,0.86500000,0.84000000,sell,2022-05-15 20:23:41.707968+00:00
2022-05-15T20:23:41.707968Z,2276656,0.86500000,1.22000000,sell,2022-05-15 20:23:41.707968+00:00
2022-05-15T20:22:40.287675Z,2276655,0.86400000,34.82000000,sell,2022-05-15 20:22:40.287675+00:00
2022-05-15T20:21:39.814546Z,2276654,0.86200000,30.68000000,buy,2022-05-15 20:21:39.814546+00:00
2022-05-15T20:21:21.673055Z,2276653,0.86200000,118.19000000,buy,2022-05-15 20:21:21.673055+00:00
2022-05-15T20:19:02.704695Z,2276652,0.86400000,50.59000000,sell,2022-05-15 20:19:02.704695+00:00
2022-05-15T20:18:56.756049Z,2276651,0.86400000,10.22000000,sell,2022-05-15 20:18:56.756049+00:00
2022-05-15T20:18:51.753028Z,2276650,0.86300000,289.02000000,sell,2022-05-15 20:18:51.753028+00:00
2022-05-15T20:18:46.886004Z,2276649,0.86200000,51.70000000,sell,2022-05-15 20:18:46.886004+00:00
2022-05-15T20:18:46.748749Z,2276648,0.86200000,578.02000000,sell,2022-05-15 20:18:46.748749+00:00
2022-05-15T20:17:56.037566Z,2276647,0.86300000,103.93000000,sell,2022-05-15 20:17:56.037566+00:00
2022-05-15T20:17:30.740156Z,2276646,0.86200000,689.08000000,buy,2022-05-15 20:17:30.740156+00:00
2022-05-15T20:16:18.557757Z,2276645,0.86200000,5.67000000,sell,2022-05-15 20:16:18.557757+00:00
2022-05-15T20:16:01.673664Z,2276644,0.86000000,10.00000000,buy,2022-05-15 20:16:01.673664+00:00
2022-05-15T20:15:49.639082Z,2276643,0.86100000,5.65000000,buy,2022-05-15 20:15:49.639082+00:00
2022-05-15T20:15:38.742684Z,2276642,0.86300000,5.65000000,sell,2022-05-15 20:15:38.742684+00:00
2022-05-15T20:15:37.041641Z,2276641,0.86200000,78.97000000,sell,2022-05-15 20:15:37.041641+00:00
2022-05-15T20:15:18.025369Z,2276640,0.86100000,33.93000000,buy,2022-05-15 20:15:18.025369+00:00
2022-05-15T20:15:11.674343Z,2276639,0.86200000,11.62000000,buy,2022-05-15 20:15:11.674343+00:00
2022-05-15T20:15:06.425948Z,2276638,0.86200000,713.69000000,sell,2022-05-15 20:15:06.425948+00:00
2022-05-15T20:15:02.649026Z,2276637,0.86200000,202.81000000,sell,2022-05-15 20:15:02.649026+00:00
2022-05-15T20:14:52.199898Z,2276636,0.86400000,50.04000000,sell,2022-05-15 20:14:52.199898+00:00
2022-05-15T20:14:52.199898Z,2276635,0.86400000,0.85000000,sell,2022-05-15 20:14:52.199898+00:00
2022-05-15T20:14:52.199898Z,2276634,0.86300000,115.83000000,sell,2022-05-15 20:14:52.199898+00:00
2022-05-15T20:14:52.199898Z,2276633,0.86300000,2.98000000,sell,2022-05-15 20:14:52.199898+00:00
2022-05-15T20:14:12.621761Z,2276632,0.86300000,20.75000000,sell,2022-05-15 20:14:12.621761+00:00
2022-05-15T20:14:12.621761Z,2276631,0.86300000,1.23000000,sell,2022-05-15 20:14:12.621761+00:00
2022-05-15T20:14:12.621761Z,2276630,0.86300000,0.84000000,sell,2022-05-15 20:14:12.621761+00:00
2022-05-15T20:14:12.621761Z,2276629,0.86200000,0.84000000,sell,2022-05-15 20:14:12.621761+00:00
2022-05-15T20:14:00.635277Z,2276628,0.85800000,84.11000000,buy,2022-05-15 20:14:00.635277+00:00
2022-05-15T20:14:00.612358Z,2276627,0.85800000,629.58000000,buy,2022-05-15 20:14:00.612358+00:00
2022-05-15T20:13:57.593235Z,2276626,0.85900000,102.12000000,buy,2022-05-15 20:13:57.593235+00:00
2022-05-15T20:13:54.605948Z,2276625,0.86100000,53.35000000,sell,2022-05-15 20:13:54.605948+00:00
2022-05-15T20:13:54.605948Z,2276624,0.86100000,1.23000000,sell,2022-05-15 20:13:54.605948+00:00
2022-05-15T20:13:54.605948Z,2276623,0.86100000,0.84000000,sell,2022-05-15 20:13:54.605948+00:00
2022-05-15T20:13:51.427234Z,2276622,0.85700000,11.33000000,buy,2022-05-15 20:13:51.427234+00:00
2022-05-15T20:13:51.427234Z,2276621,0.85700000,114.66000000,buy,2022-05-15 20:13:51.427234+00:00
2022-05-15T20:13:51.427234Z,2276620,0.85700000,177.78000000,buy,2022-05-15 20:13:51.427234+00:00
2022-05-15T20:13:51.427234Z,2276619,0.85800000,30.00000000,buy,2022-05-15 20:13:51.427234+00:00
2022-05-15T20:13:51.427234Z,2276618,0.85800000,115.23000000,buy,2022-05-15 20:13:51.427234+00:00
2022-05-15T20:13:51.427234Z,2276617,0.85900000,40.00000000,buy,2022-05-15 20:13:51.427234+00:00
2022-05-15T20:13:51.427234Z,2276616,0.85900000,637.05000000,buy,2022-05-15 20:13:51.427234+00:00
2022-05-15T20:13:51.427234Z,2276615,0.85900000,123.62000000,buy,2022-05-15 20:13:51.427234+00:00
2022-05-15T20:13:51.427234Z,2276614,0.86000000,713.69000000,buy,2022-05-15 20:13:51.427234+00:00
2022-05-15T20:13:25.529393Z,2276613,0.85600000,0.62000000,buy,2022-05-15 20:13:25.529393+00:00
2022-05-15T20:13:02.750497Z,2276612,0.85700000,188.65000000,buy,2022-05-15 20:13:02.750497+00:00
2022-05-15T20:13:02.750497Z,2276611,0.86000000,30.00000000,buy,2022-05-15 20:13:02.750497+00:00
2022-05-15T20:13:02.750497Z,2276610,0.86000000,34.89000000,buy,2022-05-15 20:13:02.750497+00:00
2022-05-15T20:13:02.483186Z,2276609,0.86000000,0.84000000,sell,2022-05-15 20:13:02.483186+00:00
2022-05-15T20:13:02.483186Z,2276608,0.86000000,10.00000000,sell,2022-05-15 20:13:02.483186+00:00
2022-05-15T20:13:02.483186Z,2276607,0.86000000,5.92000000,sell,2022-05-15 20:13:02.483186+00:00
2022-05-15T20:13:02.483186Z,2276606,0.86000000,0.84000000,sell,2022-05-15 20:13:02.483186+00:00
2022-05-15T20:13:02.483186Z,2276605,0.85900000,1.23000000,sell,2022-05-15 20:13:02.483186+00:00
2022-05-15T20:13:02.483186Z,2276604,0.85900000,0.84000000,sell,2022-05-15 20:13:02.483186+00:00
2022-05-15T20:13:02.459491Z,2276603,0.85800000,0.84000000,sell,2022-05-15 20:13:02.459491+00:00
2022-05-15T20:12:58.616274Z,2276602,0.85700000,80.55000000,sell,2022-05-15 20:12:58.616274+00:00
2022-05-15T20:12:58.616274Z,2276601,0.85700000,1.23000000,sell,2022-05-15 20:12:58.616274+00:00
2022-05-15T20:12:58.616274Z,2276600,0.85700000,0.84000000,sell,2022-05-15 20:12:58.616274+00:00
2022-05-15T20:12:57.306398Z,2276599,0.85400000,587.34000000,buy,2022-05-15 20:12:57.306398+00:00
2022-05-15T20:12:57.237383Z,2276598,0.85600000,0.84000000,sell,2022-05-15 20:12:57.237383+00:00
2022-05-15T20:12:57.237383Z,2276597,0.85500000,294.16000000,sell,2022-05-15 20:12:57.237383+00:00
2022-05-15T20:12:57.237383Z,2276596,0.85500000,1.24000000,sell,2022-05-15 20:12:57.237383+00:00
2022-05-15T20:12:57.237383Z,2276595,0.85500000,0.83000000,sell,2022-05-15 20:12:57.237383+00:00
2022-05-15T20:12:54.140056Z,2276594,0.85400000,0.85000000,sell,2022-05-15 20:12:54.140056+00:00
2022-05-15T20:12:54.140056Z,2276593,0.85300000,1.24000000,sell,2022-05-15 20:12:54.140056+00:00
2022-05-15T20:12:54.140056Z,2276592,0.85300000,0.85000000,sell,2022-05-15 20:12:54.140056+00:00
2022-05-15T20:12:52.68855Z,2276591,0.85200000,156.97000000,sell,2022-05-15 20:12:52.688550+00:00
2022-05-15T20:12:52.68855Z,2276590,0.85200000,0.85000000,sell,2022-05-15 20:12:52.688550+00:00
2022-05-15T20:12:47.565742Z,2276589,0.85100000,30.00000000,buy,2022-05-15 20:12:47.565742+00:00
2022-05-15T20:12:30.763347Z,2276588,0.85100000,40.00000000,buy,2022-05-15 20:12:30.763347+00:00
2022-05-15T20:12:29.077286Z,2276587,0.85100000,30.00000000,buy,2022-05-15 20:12:29.077286+00:00
2022-05-15T20:12:29.077286Z,2276586,0.85100000,132.03000000,buy,2022-05-15 20:12:29.077286+00:00
2022-05-15T20:12:16.515223Z,2276585,0.85100000,50.69000000,sell,2022-05-15 20:12:16.515223+00:00
2022-05-15T20:12:16.515223Z,2276584,0.85100000,5.98000000,sell,2022-05-15 20:12:16.515223+00:00
2022-05-15T20:12:16.515223Z,2276583,0.85100000,1.24000000,sell,2022-05-15 20:12:16.515223+00:00
2022-05-15T20:12:16.515223Z,2276582,0.85100000,0.85000000,sell,2022-05-15 20:12:16.515223+00:00
2022-05-15T20:11:50.699318Z,2276581,0.85000000,89.91000000,sell,2022-05-15 20:11:50.699318+00:00
2022-05-15T20:11:27.134275Z,2276580,0.84900000,91.04000000,buy,2022-05-15 20:11:27.134275+00:00
2022-05-15T20:10:55.24054Z,2276579,0.84700000,10.42000000,buy,2022-05-15 20:10:55.240540+00:00
2022-05-15T20:10:55.24054Z,2276578,0.84800000,40.00000000,buy,2022-05-15 20:10:55.240540+00:00
2022-05-15T20:10:07.206221Z,2276577,0.85000000,71.02000000,sell,2022-05-15 20:10:07.206221+00:00
2022-05-15T20:10:07.206221Z,2276576,0.85000000,0.85000000,sell,2022-05-15 20:10:07.206221+00:00
2022-05-15T20:09:15.912585Z,2276575,0.84800000,106.37000000,sell,2022-05-15 20:09:15.912585+00:00
2022-05-15T20:08:06.049581Z,2276574,0.84800000,577.50000000,sell,2022-05-15 20:08:06.049581+00:00
2022-05-15T20:05:28.361272Z,2276573,0.84800000,114.49000000,buy,2022-05-15 20:05:28.361272+00:00
2022-05-15T20:05:24.147382Z,2276572,0.84700000,115.59000000,sell,2022-05-15 20:05:24.147382+00:00
2022-05-15T20:05:23.332058Z,2276571,0.84600000,113.43000000,buy,2022-05-15 20:05:23.332058+00:00
2022-05-15T20:05:20.720497Z,2276570,0.84500000,312.64000000,buy,2022-05-15 20:05:20.720497+00:00
2022-05-15T20:04:58.016631Z,2276569,0.84900000,64.41000000,sell,2022-05-15 20:04:58.016631+00:00
2022-05-15T20:04:58.016631Z,2276568,0.84800000,51.21000000,sell,2022-05-15 20:04:58.016631+00:00
2022-05-15T20:04:43.210336Z,2276567,0.84800000,23.11000000,sell,2022-05-15 20:04:43.210336+00:00
2022-05-15T20:03:46.887076Z,2276566,0.84500000,135.30000000,buy,2022-05-15 20:03:46.887076+00:00
2022-05-15T20:02:16.835652Z,2276565,0.84700000,120.61000000,buy,2022-05-15 20:02:16.835652+00:00
2022-05-15T20:01:36.282305Z,2276564,0.84800000,66.67000000,sell,2022-05-15 20:01:36.282305+00:00
2022-05-15T20:01:24.210926Z,2276563,0.84800000,317.47000000,sell,2022-05-15 20:01:24.210926+00:00
2022-05-15T20:01:19.19824Z,2276562,0.84800000,98.42000000,sell,2022-05-15 20:01:19.198240+00:00
2022-05-15T20:01:17.624399Z,2276561,0.84700000,66.49000000,buy,2022-05-15 20:01:17.624399+00:00
2022-05-15T20:00:51.672645Z,2276560,0.84700000,0.72000000,buy,2022-05-15 20:00:51.672645+00:00
2022-05-15T20:00:41.355116Z,2276559,0.84900000,713.69000000,sell,2022-05-15 20:00:41.355116+00:00
2022-05-15T20:00:15.771748Z,2276558,0.84900000,0.85000000,sell,2022-05-15 20:00:15.771748+00:00
2022-05-15T19:58:56.202333Z,2276557,0.84800000,104.68000000,buy,2022-05-15 19:58:56.202333+00:00
2022-05-15T19:58:51.789448Z,2276556,0.84800000,0.97000000,sell,2022-05-15 19:58:51.789448+00:00
2022-05-15T19:58:51.789448Z,2276555,0.84800000,1.25000000,sell,2022-05-15 19:58:51.789448+00:00
2022-05-15T19:58:06.031546Z,2276554,0.84700000,294.42000000,sell,2022-05-15 19:58:06.031546+00:00
2022-05-15T19:58:01.18056Z,2276553,0.84700000,713.69000000,sell,2022-05-15 19:58:01.180560+00:00
2022-05-15T19:57:11.782526Z,2276552,0.84700000,270.74000000,sell,2022-05-15 19:57:11.782526+00:00
2022-05-15T19:55:39.971248Z,2276551,0.84700000,354.20000000,sell,2022-05-15 19:55:39.971248+00:00
2022-05-15T19:53:36.646317Z,2276550,0.84700000,35.00000000,sell,2022-05-15 19:53:36.646317+00:00
2022-05-15T19:53:35.158191Z,2276549,0.84400000,13.00000000,buy,2022-05-15 19:53:35.158191+00:00
2022-05-15T19:51:27.099613Z,2276548,0.84400000,0.41000000,buy,2022-05-15 19:51:27.099613+00:00
2022-05-15T19:50:16.934973Z,2276547,0.84400000,9.17000000,buy,2022-05-15 19:50:16.934973+00:00
2022-05-15T19:50:16.934973Z,2276546,0.84400000,0.29000000,buy,2022-05-15 19:50:16.934973+00:00
2022-05-15T19:49:18.036639Z,2276545,0.84700000,713.69000000,buy,2022-05-15 19:49:18.036639+00:00
2022-05-15T19:47:32.609032Z,2276544,0.84400000,1.16000000,buy,2022-05-15 19:47:32.609032+00:00
2022-05-15T19:46:56.505998Z,2276543,0.84500000,495.40000000,buy,2022-05-15 19:46:56.505998+00:00
2022-05-15T19:46:48.987369Z,2276542,0.84700000,713.69000000,sell,2022-05-15 19:46:48.987369+00:00
2022-05-15T19:46:48.611003Z,2276541,0.84700000,0.85000000,sell,2022-05-15 19:46:48.611003+00:00
2022-05-15T19:45:45.991963Z,2276540,0.84500000,40.00000000,buy,2022-05-15 19:45:45.991963+00:00
2022-05-15T19:45:45.991963Z,2276539,0.84500000,120.76000000,buy,2022-05-15 19:45:45.991963+00:00
2022-05-15T19:45:45.973461Z,2276538,0.84500000,592.93000000,buy,2022-05-15 19:45:45.973461+00:00
2022-05-15T19:45:18.547839Z,2276537,0.84400000,4.73000000,sell,2022-05-15 19:45:18.547839+00:00
2022-05-15T19:44:03.060352Z,2276536,0.84500000,58.18000000,sell,2022-05-15 19:44:03.060352+00:00
2022-05-15T19:42:05.887251Z,2276535,0.84000000,249.64000000,buy,2022-05-15 19:42:05.887251+00:00
2022-05-15T19:42:03.886026Z,2276534,0.83900000,11.88000000,buy,2022-05-15 19:42:03.886026+00:00
2022-05-15T19:42:03.86157Z,2276533,0.84100000,69.23000000,buy,2022-05-15 19:42:03.861570+00:00
2022-05-15T19:42:03.86157Z,2276532,0.84100000,296.23000000,buy,2022-05-15 19:42:03.861570+00:00
2022-05-15T19:42:03.861006Z,2276531,0.84300000,12.00000000,buy,2022-05-15 19:42:03.861006+00:00
2022-05-15T19:41:52.99257Z,2276530,0.84400000,713.69000000,buy,2022-05-15 19:41:52.992570+00:00
2022-05-15T19:41:29.690764Z,2276529,0.84600000,118.21000000,sell,2022-05-15 19:41:29.690764+00:00
2022-05-15T19:41:24.820271Z,2276528,0.84600000,61.37000000,sell,2022-05-15 19:41:24.820271+00:00
2022-05-15T19:41:24.820271Z,2276527,0.84600000,418.69000000,sell,2022-05-15 19:41:24.820271+00:00
2022-05-15T19:41:24.820271Z,2276526,0.84600000,0.85000000,sell,2022-05-15 19:41:24.820271+00:00
2022-05-15T19:41:24.820271Z,2276525,0.84600000,1.25000000,sell,2022-05-15 19:41:24.820271+00:00
2022-05-15T19:41:24.820271Z,2276524,0.84500000,108.86000000,sell,2022-05-15 19:41:24.820271+00:00
2022-05-15T19:41:09.237066Z,2276523,0.84400000,180.09000000,buy,2022-05-15 19:41:09.237066+00:00
2022-05-15T19:41:00.875471Z,2276522,0.84500000,12.06000000,sell,2022-05-15 19:41:00.875471+00:00
2022-05-15T19:40:38.964574Z,2276521,0.84400000,110.40000000,buy,2022-05-15 19:40:38.964574+00:00
2022-05-15T19:40:17.692197Z,2276520,0.84300000,12.60000000,buy,2022-05-15 19:40:17.692197+00:00
2022-05-15T19:39:43.785735Z,2276519,0.84500000,0.84000000,sell,2022-05-15 19:39:43.785735+00:00
2022-05-15T19:38:02.50919Z,2276518,0.84300000,713.69000000,sell,2022-05-15 19:38:02.509190+00:00
2022-05-15T19:37:59.334913Z,2276517,0.84300000,51.95000000,sell,2022-05-15 19:37:59.334913+00:00
2022-05-15T19:37:17.567196Z,2276516,0.84400000,568.25000000,sell,2022-05-15 19:37:17.567196+00:00
2022-05-15T19:37:17.567196Z,2276515,0.84400000,1.25000000,sell,2022-05-15 19:37:17.567196+00:00
2022-05-15T19:37:17.567196Z,2276514,0.84400000,0.84000000,sell,2022-05-15 19:37:17.567196+00:00
2022-05-15T19:34:55.486482Z,2276513,0.84100000,140.93000000,buy,2022-05-15 19:34:55.486482+00:00
2022-05-15T19:34:21.483384Z,2276512,0.84000000,237.39000000,buy,2022-05-15 19:34:21.483384+00:00
2022-05-15T19:33:17.188493Z,2276511,0.84300000,0.84000000,sell,2022-05-15 19:33:17.188493+00:00
2022-05-15T19:33:06.759729Z,2276510,0.84200000,68.07000000,sell,2022-05-15 19:33:06.759729+00:00
2022-05-15T19:33:06.759729Z,2276509,0.84200000,0.84000000,sell,2022-05-15 19:33:06.759729+00:00
2022-05-15T19:33:06.759729Z,2276508,0.84200000,1.26000000,sell,2022-05-15 19:33:06.759729+00:00
2022-05-15T19:32:53.838765Z,2276507,0.84100000,0.84000000,sell,2022-05-15 19:32:53.838765+00:00
2022-05-15T19:32:37.277788Z,2276506,0.84000000,0.84000000,sell,2022-05-15 19:32:37.277788+00:00
2022-05-15T19:32:37.277788Z,2276505,0.84000000,1.26000000,sell,2022-05-15 19:32:37.277788+00:00
2022-05-15T19:32:32.278176Z,2276504,0.83800000,713.69000000,sell,2022-05-15 19:32:32.278176+00:00
2022-05-15T19:32:26.356736Z,2276503,0.83800000,40.00000000,buy,2022-05-15 19:32:26.356736+00:00
2022-05-15T19:32:25.65474Z,2276502,0.83800000,1.26000000,sell,2022-05-15 19:32:25.654740+00:00
2022-05-15T19:32:12.571543Z,2276501,0.83700000,713.69000000,sell,2022-05-15 19:32:12.571543+00:00
2022-05-15T19:31:54.944729Z,2276500,0.83600000,551.87000000,sell,2022-05-15 19:31:54.944729+00:00
2022-05-15T19:31:51.18653Z,2276499,0.83500000,127.28000000,sell,2022-05-15 19:31:51.186530+00:00
2022-05-15T19:30:22.572438Z,2276498,0.83100000,0.84000000,buy,2022-05-15 19:30:22.572438+00:00
2022-05-15T19:30:22.572438Z,2276497,0.83100000,1.26000000,buy,2022-05-15 19:30:22.572438+00:00
2022-05-15T19:24:13.267376Z,2276496,0.83500000,0.35000000,sell,2022-05-15 19:24:13.267376+00:00
2022-05-15T19:24:07.712328Z,2276495,0.83500000,95.24000000,sell,2022-05-15 19:24:07.712328+00:00
2022-05-15T19:22:02.16691Z,2276494,0.83400000,70.31000000,buy,2022-05-15 19:22:02.166910+00:00
2022-05-15T19:21:56.584622Z,2276493,0.83300000,30.00000000,buy,2022-05-15 19:21:56.584622+00:00
2022-05-15T19:21:08.993747Z,2276492,0.83300000,55.70000000,buy,2022-05-15 19:21:08.993747+00:00
2022-05-15T19:21:08.993747Z,2276491,0.83300000,40.00000000,buy,2022-05-15 19:21:08.993747+00:00
2022-05-15T19:21:08.993747Z,2276490,0.83300000,113.91000000,buy,2022-05-15 19:21:08.993747+00:00
2022-05-15T19:21:08.993747Z,2276489,0.83400000,986.94000000,buy,2022-05-15 19:21:08.993747+00:00
2022-05-15T19:21:08.993747Z,2276488,0.83400000,40.00000000,buy,2022-05-15 19:21:08.993747+00:00
2022-05-15T19:21:08.993747Z,2276487,0.83500000,40.00000000,buy,2022-05-15 19:21:08.993747+00:00
2022-05-15T19:21:08.993747Z,2276486,0.83500000,82.53000000,buy,2022-05-15 19:21:08.993747+00:00
2022-05-15T19:21:00.67701Z,2276485,0.83600000,97.31000000,sell,2022-05-15 19:21:00.677010+00:00
2022-05-15T19:20:27.373677Z,2276484,0.83900000,0.31000000,sell,2022-05-15 19:20:27.373677+00:00
2022-05-15T19:19:40.836903Z,2276483,0.83800000,30.85000000,buy,2022-05-15 19:19:40.836903+00:00
2022-05-15T19:19:40.836903Z,2276482,0.83900000,369.15000000,buy,2022-05-15 19:19:40.836903+00:00
2022-05-15T19:18:36.663627Z,2276481,0.83900000,78.22000000,buy,2022-05-15 19:18:36.663627+00:00
2022-05-15T19:18:13.320971Z,2276480,0.83900000,0.52000000,sell,2022-05-15 19:18:13.320971+00:00
2022-05-15T19:16:52.242078Z,2276479,0.83900000,59.60000000,sell,2022-05-15 19:16:52.242078+00:00
2022-05-15T19:14:57.508906Z,2276478,0.83600000,123.99000000,sell,2022-05-15 19:14:57.508906+00:00
2022-05-15T19:14:52.514254Z,2276477,0.83500000,121.80000000,sell,2022-05-15 19:14:52.514254+00:00
2022-05-15T19:14:31.994174Z,2276476,0.83400000,119.91000000,sell,2022-05-15 19:14:31.994174+00:00
2022-05-15T19:14:20.051494Z,2276475,0.83200000,18.46000000,buy,2022-05-15 19:14:20.051494+00:00
2022-05-15T19:14:11.662373Z,2276474,0.83400000,119.91000000,sell,2022-05-15 19:14:11.662373+00:00
2022-05-15T19:14:06.54402Z,2276473,0.83400000,59.96000000,sell,2022-05-15 19:14:06.544020+00:00
2022-05-15T19:13:34.715371Z,2276472,0.83200000,0.84000000,buy,2022-05-15 19:13:34.715371+00:00
2022-05-15T19:13:13.240644Z,2276471,0.83300000,0.84000000,buy,2022-05-15 19:13:13.240644+00:00
2022-05-15T19:13:13.240644Z,2276470,0.83300000,1.26000000,buy,2022-05-15 19:13:13.240644+00:00
2022-05-15T19:12:10.5014Z,2276469,0.83400000,365.68000000,buy,2022-05-15 19:12:10.501400+00:00
2022-05-15T19:12:10.5014Z,2276468,0.83400000,0.84000000,buy,2022-05-15 19:12:10.501400+00:00
2022-05-15T19:11:18.819221Z,2276467,0.83500000,0.84000000,buy,2022-05-15 19:11:18.819221+00:00
2022-05-15T19:11:12.248688Z,2276466,0.83500000,1.26000000,buy,2022-05-15 19:11:12.248688+00:00
2022-05-15T19:11:06.726866Z,2276465,0.83600000,0.84000000,buy,2022-05-15 19:11:06.726866+00:00
2022-05-15T19:11:06.726866Z,2276464,0.83600000,297.67000000,buy,2022-05-15 19:11:06.726866+00:00
2022-05-15T19:11:06.726866Z,2276463,0.83600000,167.87000000,buy,2022-05-15 19:11:06.726866+00:00
2022-05-15T19:10:51.581093Z,2276462,0.83600000,82.13000000,buy,2022-05-15 19:10:51.581093+00:00
2022-05-15T19:10:51.581093Z,2276461,0.83700000,0.85000000,buy,2022-05-15 19:10:51.581093+00:00
2022-05-15T19:10:51.581093Z,2276460,0.83700000,1.25000000,buy,2022-05-15 19:10:51.581093+00:00
2022-05-15T19:10:40.057109Z,2276459,0.83800000,95.48000000,sell,2022-05-15 19:10:40.057109+00:00
2022-05-15T19:10:32.647838Z,2276458,0.83800000,0.85000000,buy,2022-05-15 19:10:32.647838+00:00
2022-05-15T19:10:05.434675Z,2276457,0.83900000,1023.67000000,buy,2022-05-15 19:10:05.434675+00:00
2022-05-15T19:10:01.630115Z,2276456,0.84100000,124.81000000,buy,2022-05-15 19:10:01.630115+00:00
2022-05-15T19:10:00.587642Z,2276455,0.84100000,124.81000000,buy,2022-05-15 19:10:00.587642+00:00
2022-05-15T19:10:00.541421Z,2276454,0.84100000,71.30000000,buy,2022-05-15 19:10:00.541421+00:00
2022-05-15T19:10:00.48822Z,2276453,0.84200000,86.09000000,buy,2022-05-15 19:10:00.488220+00:00
2022-05-15T19:07:23.236511Z,2276452,0.84500000,11.50000000,sell,2022-05-15 19:07:23.236511+00:00
2022-05-15T19:07:23.236511Z,2276451,0.84500000,250.00000000,sell,2022-05-15 19:07:23.236511+00:00
2022-05-15T19:07:13.023807Z,2276450,0.84400000,30.00000000,buy,2022-05-15 19:07:13.023807+00:00
2022-05-15T19:07:13.007656Z,2276449,0.84400000,369.15000000,buy,2022-05-15 19:07:13.007656+00:00
2022-05-15T19:06:18.32968Z,2276448,0.84300000,87.36000000,sell,2022-05-15 19:06:18.329680+00:00
2022-05-15T19:06:18.229252Z,2276447,0.84200000,40.00000000,buy,2022-05-15 19:06:18.229252+00:00
2022-05-15T19:05:43.680159Z,2276446,0.84200000,87.36000000,buy,2022-05-15 19:05:43.680159+00:00
2022-05-15T19:05:15.641803Z,2276445,0.84100000,392.10000000,buy,2022-05-15 19:05:15.641803+00:00
2022-05-15T19:04:51.445558Z,2276444,0.84400000,60.45000000,sell,2022-05-15 19:04:51.445558+00:00
2022-05-15T19:02:27.933737Z,2276443,0.84200000,30.00000000,sell,2022-05-15 19:02:27.933737+00:00
2022-05-15T19:02:27.933737Z,2276442,0.84200000,71.68000000,sell,2022-05-15 19:02:27.933737+00:00
2022-05-15T19:02:19.385786Z,2276441,0.84100000,71.68000000,buy,2022-05-15 19:02:19.385786+00:00
2022-05-15T19:01:46.260434Z,2276440,0.84200000,88.95000000,sell,2022-05-15 19:01:46.260434+00:00
2022-05-15T19:01:13.102903Z,2276439,0.84200000,86.85000000,sell,2022-05-15 19:01:13.102903+00:00
2022-05-15T19:00:23.642598Z,2276438,0.84000000,8.89000000,buy,2022-05-15 19:00:23.642598+00:00
2022-05-15T19:00:13.64272Z,2276437,0.84000000,60.95000000,buy,2022-05-15 19:00:13.642720+00:00
2022-05-15T19:00:13.64272Z,2276436,0.84100000,114.50000000,buy,2022-05-15 19:00:13.642720+00:00
2022-05-15T18:59:57.830061Z,2276435,0.84200000,0.23000000,buy,2022-05-15 18:59:57.830061+00:00
2022-05-15T18:59:17.9574Z,2276434,0.84200000,0.34000000,buy,2022-05-15 18:59:17.957400+00:00
2022-05-15T18:58:48.465749Z,2276433,0.84300000,533.81000000,buy,2022-05-15 18:58:48.465749+00:00
2022-05-15T18:55:45.966145Z,2276432,0.84300000,14.20000000,sell,2022-05-15 18:55:45.966145+00:00
2022-05-15T18:55:31.304672Z,2276431,0.84100000,35.55000000,buy,2022-05-15 18:55:31.304672+00:00
2022-05-15T18:54:42.865026Z,2276430,0.84100000,68.24000000,sell,2022-05-15 18:54:42.865026+00:00
2022-05-15T18:54:19.139244Z,2276429,0.84000000,98.10000000,sell,2022-05-15 18:54:19.139244+00:00
2022-05-15T18:52:13.120735Z,2276428,0.84000000,11.92000000,sell,2022-05-15 18:52:13.120735+00:00
2022-05-15T18:49:28.985904Z,2276427,0.83900000,10.00000000,buy,2022-05-15 18:49:28.985904+00:00
2022-05-15T18:49:28.827327Z,2276426,0.83900000,10.00000000,buy,2022-05-15 18:49:28.827327+00:00
2022-05-15T18:49:28.827327Z,2276425,0.83900000,1.25000000,buy,2022-05-15 18:49:28.827327+00:00
2022-05-15T18:49:28.827327Z,2276424,0.83900000,0.85000000,buy,2022-05-15 18:49:28.827327+00:00
2022-05-15T18:47:11.710044Z,2276423,0.84200000,11.89000000,sell,2022-05-15 18:47:11.710044+00:00
2022-05-15T18:47:01.692688Z,2276422,0.84100000,1.25000000,buy,2022-05-15 18:47:01.692688+00:00
2022-05-15T18:45:53.98446Z,2276421,0.84500000,21.43000000,buy,2022-05-15 18:45:53.984460+00:00
2022-05-15T18:45:53.98446Z,2276420,0.84500000,123.92000000,buy,2022-05-15 18:45:53.984460+00:00
2022-05-15T18:45:17.405858Z,2276419,0.84700000,119.48000000,buy,2022-05-15 18:45:17.405858+00:00
2022-05-15T18:44:47.920964Z,2276418,0.84700000,40.00000000,buy,2022-05-15 18:44:47.920964+00:00
2022-05-15T18:44:45.29861Z,2276417,0.84800000,1.25000000,sell,2022-05-15 18:44:45.298610+00:00
2022-05-15T18:44:45.29861Z,2276416,0.84800000,0.85000000,sell,2022-05-15 18:44:45.298610+00:00
2022-05-15T18:44:45.284605Z,2276415,0.84700000,0.85000000,sell,2022-05-15 18:44:45.284605+00:00
2022-05-15T18:44:41.074534Z,2276414,0.84600000,592.47000000,buy,2022-05-15 18:44:41.074534+00:00
2022-05-15T18:44:38.179313Z,2276413,0.84600000,0.85000000,sell,2022-05-15 18:44:38.179313+00:00
2022-05-15T18:44:38.179313Z,2276412,0.84600000,1.25000000,sell,2022-05-15 18:44:38.179313+00:00
2022-05-15T18:44:27.985106Z,2276411,0.84400000,0.23000000,buy,2022-05-15 18:44:27.985106+00:00
2022-05-15T18:43:41.535438Z,2276410,0.84400000,0.77000000,buy,2022-05-15 18:43:41.535438+00:00
2022-05-15T18:43:19.84149Z,2276409,0.84400000,30.00000000,buy,2022-05-15 18:43:19.841490+00:00
2022-05-15T18:43:15.981083Z,2276408,0.84400000,30.00000000,buy,2022-05-15 18:43:15.981083+00:00
2022-05-15T18:43:14.421783Z,2276407,0.84400000,100.00000000,buy,2022-05-15 18:43:14.421783+00:00
2022-05-15T18:43:02.73Z,2276406,0.84400000,67.96000000,buy,2022-05-15 18:43:02.730000+00:00
2022-05-15T18:42:46.044741Z,2276405,0.84500000,70.49000000,buy,2022-05-15 18:42:46.044741+00:00
2022-05-15T18:42:32.607075Z,2276404,0.84500000,586.69000000,buy,2022-05-15 18:42:32.607075+00:00
2022-05-15T18:42:32.591287Z,2276403,0.84500000,127.00000000,buy,2022-05-15 18:42:32.591287+00:00
2022-05-15T18:42:14.310459Z,2276402,0.84500000,713.69000000,sell,2022-05-15 18:42:14.310459+00:00
2022-05-15T18:42:07.60438Z,2276401,0.84500000,75.90000000,buy,2022-05-15 18:42:07.604380+00:00
2022-05-15T18:42:07.518679Z,2276400,0.84500000,655.32000000,sell,2022-05-15 18:42:07.518679+00:00
2022-05-15T18:42:07.518679Z,2276399,0.84500000,176.04000000,sell,2022-05-15 18:42:07.518679+00:00
2022-05-15T18:42:07.518679Z,2276398,0.84500000,0.85000000,sell,2022-05-15 18:42:07.518679+00:00
2022-05-15T18:42:05.19018Z,2276397,0.84400000,40.00000000,buy,2022-05-15 18:42:05.190180+00:00
2022-05-15T18:42:03.356581Z,2276396,0.84400000,250.00000000,sell,2022-05-15 18:42:03.356581+00:00
2022-05-15T18:42:03.356581Z,2276395,0.84400000,0.85000000,sell,2022-05-15 18:42:03.356581+00:00
2022-05-15T18:42:03.356581Z,2276394,0.84400000,1.25000000,sell,2022-05-15 18:42:03.356581+00:00
2022-05-15T18:42:03.182457Z,2276393,0.84300000,594.77000000,buy,2022-05-15 18:42:03.182457+00:00
2022-05-15T18:42:02.992954Z,2276392,0.84300000,713.69000000,sell,2022-05-15 18:42:02.992954+00:00
2022-05-15T18:41:57.506184Z,2276391,0.84200000,10.00000000,buy,2022-05-15 18:41:57.506184+00:00
2022-05-15T18:41:56.119189Z,2276390,0.84200000,713.69000000,sell,2022-05-15 18:41:56.119189+00:00
2022-05-15T18:41:54.349627Z,2276389,0.84200000,10.00000000,sell,2022-05-15 18:41:54.349627+00:00
2022-05-15T18:41:54.349627Z,2276388,0.84200000,75.26000000,sell,2022-05-15 18:41:54.349627+00:00
2022-05-15T18:41:54.349627Z,2276387,0.84200000,1.26000000,sell,2022-05-15 18:41:54.349627+00:00
2022-05-15T18:41:54.349627Z,2276386,0.84200000,0.68000000,sell,2022-05-15 18:41:54.349627+00:00
2022-05-15T18:41:50.543458Z,2276385,0.84000000,30.00000000,buy,2022-05-15 18:41:50.543458+00:00
2022-05-15T18:41:48.440446Z,2276384,0.84000000,596.96000000,buy,2022-05-15 18:41:48.440446+00:00
2022-05-15T18:41:45.846593Z,2276383,0.83800000,81.99000000,sell,2022-05-15 18:41:45.846593+00:00
2022-05-15T18:41:06.291132Z,2276382,0.83700000,91.17000000,buy,2022-05-15 18:41:06.291132+00:00
2022-05-15T18:41:06.093342Z,2276381,0.83700000,536.28000000,sell,2022-05-15 18:41:06.093342+00:00
2022-05-15T18:41:02.476198Z,2276380,0.83500000,14.00000000,buy,2022-05-15 18:41:02.476198+00:00
2022-05-15T18:41:01.54223Z,2276379,0.83500000,16.00000000,buy,2022-05-15 18:41:01.542230+00:00
2022-05-15T18:40:56.290801Z,2276378,0.83500000,1.26000000,buy,2022-05-15 18:40:56.290801+00:00
2022-05-15T18:40:56.095261Z,2276377,0.83700000,39.91000000,sell,2022-05-15 18:40:56.095261+00:00
2022-05-15T18:39:57.010623Z,2276376,0.84100000,67.62000000,sell,2022-05-15 18:39:57.010623+00:00
2022-05-15T18:39:47.7373Z,2276375,0.84200000,29.70000000,sell,2022-05-15 18:39:47.737300+00:00
2022-05-15T18:37:49.434755Z,2276374,0.84300000,171.90000000,sell,2022-05-15 18:37:49.434755+00:00
2022-05-15T18:37:47.489563Z,2276373,0.84300000,0.85000000,sell,2022-05-15 18:37:47.489563+00:00
2022-05-15T18:37:44.432614Z,2276372,0.84200000,6.05000000,sell,2022-05-15 18:37:44.432614+00:00
2022-05-15T18:37:44.432614Z,2276371,0.84200000,0.85000000,sell,2022-05-15 18:37:44.432614+00:00
2022-05-15T18:37:44.432614Z,2276370,0.84200000,1.26000000,sell,2022-05-15 18:37:44.432614+00:00
2022-05-15T18:37:34.593654Z,2276369,0.84100000,0.85000000,sell,2022-05-15 18:37:34.593654+00:00
2022-05-15T18:37:22.73277Z,2276368,0.84000000,0.84000000,sell,2022-05-15 18:37:22.732770+00:00
2022-05-15T18:37:22.73277Z,2276367,0.84000000,1.26000000,sell,2022-05-15 18:37:22.732770+00:00
2022-05-15T18:36:49.950062Z,2276366,0.83900000,11.10000000,sell,2022-05-15 18:36:49.950062+00:00
2022-05-15T18:36:49.950062Z,2276365,0.83900000,0.84000000,sell,2022-05-15 18:36:49.950062+00:00
2022-05-15T18:35:47.579272Z,2276364,0.83800000,40.00000000,buy,2022-05-15 18:35:47.579272+00:00
2022-05-15T18:35:47.579272Z,2276363,0.83800000,84.08000000,buy,2022-05-15 18:35:47.579272+00:00
2022-05-15T18:35:47.525931Z,2276362,0.83800000,0.23000000,sell,2022-05-15 18:35:47.525931+00:00
2022-05-15T18:34:32.010713Z,2276361,0.83600000,29.91000000,sell,2022-05-15 18:34:32.010713+00:00
2022-05-15T18:30:40.788016Z,2276360,0.83600000,599.36000000,buy,2022-05-15 18:30:40.788016+00:00
2022-05-15T18:30:38.494443Z,2276359,0.83800000,7.81000000,sell,2022-05-15 18:30:38.494443+00:00
2022-05-15T18:30:38.494443Z,2276358,0.83800000,118.95000000,sell,2022-05-15 18:30:38.494443+00:00
2022-05-15T18:30:38.494443Z,2276357,0.83800000,175.72000000,sell,2022-05-15 18:30:38.494443+00:00
2022-05-15T18:30:38.494443Z,2276356,0.83800000,0.83000000,sell,2022-05-15 18:30:38.494443+00:00
2022-05-15T18:30:38.494443Z,2276355,0.83800000,1.26000000,sell,2022-05-15 18:30:38.494443+00:00
2022-05-15T18:30:38.494443Z,2276354,0.83700000,117.33000000,sell,2022-05-15 18:30:38.494443+00:00
2022-05-15T18:30:38.494443Z,2276353,0.83700000,3000.00000000,sell,2022-05-15 18:30:38.494443+00:00
2022-05-15T18:30:38.494443Z,2276352,0.83700000,299.88000000,sell,2022-05-15 18:30:38.494443+00:00
2022-05-15T18:30:38.494443Z,2276351,0.83700000,250.00000000,sell,2022-05-15 18:30:38.494443+00:00
2022-05-15T18:30:38.494443Z,2276350,0.83600000,1099.82000000,sell,2022-05-15 18:30:38.494443+00:00
2022-05-15T18:30:28.621197Z,2276349,0.83500000,119.57000000,sell,2022-05-15 18:30:28.621197+00:00
2022-05-15T18:29:27.398053Z,2276348,0.83500000,121.52000000,sell,2022-05-15 18:29:27.398053+00:00
2022-05-15T18:28:30.210338Z,2276347,0.83400000,129.48000000,buy,2022-05-15 18:28:30.210338+00:00
2022-05-15T18:28:07.623834Z,2276346,0.83500000,65.87000000,sell,2022-05-15 18:28:07.623834+00:00
2022-05-15T18:27:53.366721Z,2276345,0.83300000,131.75000000,sell,2022-05-15 18:27:53.366721+00:00
2022-05-15T18:26:09.4774Z,2276344,0.83400000,92.11000000,buy,2022-05-15 18:26:09.477400+00:00
2022-05-15T18:25:38.457272Z,2276343,0.83500000,29.95000000,buy,2022-05-15 18:25:38.457272+00:00
2022-05-15T18:23:45.633078Z,2276342,0.83400000,92.11000000,buy,2022-05-15 18:23:45.633078+00:00
2022-05-15T18:23:39.676737Z,2276341,0.83500000,50.15000000,sell,2022-05-15 18:23:39.676737+00:00
2022-05-15T18:23:39.676737Z,2276340,0.83400000,92.99000000,sell,2022-05-15 18:23:39.676737+00:00
2022-05-15T18:23:06.573668Z,2276339,0.83300000,91.23000000,sell,2022-05-15 18:23:06.573668+00:00
2022-05-15T18:23:01.853147Z,2276338,0.83300000,123.82000000,buy,2022-05-15 18:23:01.853147+00:00
2022-05-15T18:23:01.853147Z,2276337,0.83300000,299.09000000,buy,2022-05-15 18:23:01.853147+00:00
2022-05-15T18:23:01.665666Z,2276336,0.83500000,101.80000000,buy,2022-05-15 18:23:01.665666+00:00
2022-05-15T18:22:54.85123Z,2276335,0.83600000,500.00000000,buy,2022-05-15 18:22:54.851230+00:00
2022-05-15T18:22:46.302993Z,2276334,0.83700000,66.73000000,buy,2022-05-15 18:22:46.302993+00:00
2022-05-15T18:21:51.317862Z,2276333,0.83600000,101.91000000,sell,2022-05-15 18:21:51.317862+00:00
2022-05-15T18:21:48.888436Z,2276332,0.83600000,11.98000000,buy,2022-05-15 18:21:48.888436+00:00
2022-05-15T18:21:29.363131Z,2276331,0.83700000,100.67000000,buy,2022-05-15 18:21:29.363131+00:00
2022-05-15T18:21:26.334099Z,2276330,0.83700000,500.05000000,sell,2022-05-15 18:21:26.334099+00:00
2022-05-15T18:20:57.709845Z,2276329,0.83700000,1.16000000,sell,2022-05-15 18:20:57.709845+00:00
2022-05-15T18:20:43.240773Z,2276328,0.83700000,713.69000000,buy,2022-05-15 18:20:43.240773+00:00
2022-05-15T18:17:09.409765Z,2276327,0.83700000,17.33000000,sell,2022-05-15 18:17:09.409765+00:00
2022-05-15T18:16:48.584259Z,2276326,0.83500000,94.19000000,sell,2022-05-15 18:16:48.584259+00:00
2022-05-15T18:16:45.750947Z,2276325,0.83600000,30.00000000,buy,2022-05-15 18:16:45.750947+00:00
2022-05-15T18:16:45.750947Z,2276324,0.83600000,73.09000000,buy,2022-05-15 18:16:45.750947+00:00
2022-05-15T18:16:45.562945Z,2276323,0.83500000,600.00000000,buy,2022-05-15 18:16:45.562945+00:00
2022-05-15T18:16:45.529363Z,2276322,0.83700000,250.00000000,sell,2022-05-15 18:16:45.529363+00:00
2022-05-15T18:16:45.529363Z,2276321,0.83700000,0.83000000,sell,2022-05-15 18:16:45.529363+00:00
2022-05-15T18:16:45.506193Z,2276320,0.83600000,296.20000000,sell,2022-05-15 18:16:45.506193+00:00
2022-05-15T18:16:45.506193Z,2276319,0.83600000,300.47000000,sell,2022-05-15 18:16:45.506193+00:00
2022-05-15T18:16:45.506193Z,2276318,0.83600000,1.26000000,sell,2022-05-15 18:16:45.506193+00:00
2022-05-15T18:16:45.506193Z,2276317,0.83600000,0.83000000,sell,2022-05-15 18:16:45.506193+00:00
2022-05-15T18:16:13.429624Z,2276316,0.83300000,122.09000000,sell,2022-05-15 18:16:13.429624+00:00
2022-05-15T18:16:05.597402Z,2276315,0.83300000,189.82000000,buy,2022-05-15 18:16:05.597402+00:00
2022-05-15T18:15:53.236785Z,2276314,0.83400000,268.39000000,sell,2022-05-15 18:15:53.236785+00:00
2022-05-15T18:15:49.448217Z,2276313,0.83400000,301.20000000,sell,2022-05-15 18:15:49.448217+00:00
2022-05-15T18:15:43.009893Z,2276312,0.83200000,301.70000000,sell,2022-05-15 18:15:43.009893+00:00
2022-05-15T18:14:43.739007Z,2276311,0.83000000,24.10000000,sell,2022-05-15 18:14:43.739007+00:00
2022-05-15T18:13:38.775192Z,2276310,0.83000000,632.04000000,buy,2022-05-15 18:13:38.775192+00:00
2022-05-15T18:13:38.744557Z,2276309,0.83000000,81.65000000,buy,2022-05-15 18:13:38.744557+00:00
2022-05-15T18:13:26.791578Z,2276308,0.83100000,12.05000000,sell,2022-05-15 18:13:26.791578+00:00
2022-05-15T18:12:40.713564Z,2276307,0.82900000,0.24000000,buy,2022-05-15 18:12:40.713564+00:00
2022-05-15T18:12:38.457346Z,2276306,0.83000000,103.09000000,buy,2022-05-15 18:12:38.457346+00:00
2022-05-15T18:12:15.757693Z,2276305,0.83000000,12.07000000,sell,2022-05-15 18:12:15.757693+00:00
2022-05-15T18:11:54.351945Z,2276304,0.83000000,302.25000000,buy,2022-05-15 18:11:54.351945+00:00
2022-05-15T18:11:54.351945Z,2276303,0.83100000,91.03000000,buy,2022-05-15 18:11:54.351945+00:00
2022-05-15T18:11:53.075518Z,2276302,0.83100000,996.97000000,sell,2022-05-15 18:11:53.075518+00:00
2022-05-15T18:11:53.041449Z,2276301,0.83000000,302.25000000,sell,2022-05-15 18:11:53.041449+00:00
2022-05-15T18:11:53.030503Z,2276300,0.83000000,713.69000000,sell,2022-05-15 18:11:53.030503+00:00
2022-05-15T18:11:52.336967Z,2276299,0.83000000,68.87000000,sell,2022-05-15 18:11:52.336967+00:00
2022-05-15T18:11:52.289375Z,2276298,0.82900000,113.17000000,buy,2022-05-15 18:11:52.289375+00:00
2022-05-15T18:11:50.164736Z,2276297,0.83200000,10.00000000,sell,2022-05-15 18:11:50.164736+00:00
2022-05-15T18:11:50.133487Z,2276296,0.83100000,94.64000000,sell,2022-05-15 18:11:50.133487+00:00
2022-05-15T18:11:50.133487Z,2276295,0.83100000,250.00000000,sell,2022-05-15 18:11:50.133487+00:00
2022-05-15T18:11:50.133487Z,2276294,0.83100000,290.04000000,sell,2022-05-15 18:11:50.133487+00:00
2022-05-15T18:11:50.002676Z,2276293,0.83000000,198.72000000,sell,2022-05-15 18:11:50.002676+00:00
2022-05-15T18:11:49.961994Z,2276292,0.83100000,2709.96000000,sell,2022-05-15 18:11:49.961994+00:00
2022-05-15T18:11:49.961994Z,2276291,0.83100000,30.00000000,sell,2022-05-15 18:11:49.961994+00:00
2022-05-15T18:11:49.961994Z,2276290,0.83100000,173.84000000,sell,2022-05-15 18:11:49.961994+00:00
2022-05-15T18:11:49.961994Z,2276289,0.83000000,30.00000000,sell,2022-05-15 18:11:49.961994+00:00
2022-05-15T18:11:49.961994Z,2276288,0.83000000,164.00000000,sell,2022-05-15 18:11:49.961994+00:00
2022-05-15T18:11:49.961994Z,2276287,0.83000000,302.25000000,sell,2022-05-15 18:11:49.961994+00:00
2022-05-15T18:11:49.961994Z,2276286,0.83000000,703.85000000,sell,2022-05-15 18:11:49.961994+00:00
2022-05-15T18:11:49.961994Z,2276285,0.83000000,660.80000000,sell,2022-05-15 18:11:49.961994+00:00
2022-05-15T18:11:49.961994Z,2276284,0.82900000,10.00000000,sell,2022-05-15 18:11:49.961994+00:00
2022-05-15T18:11:49.961994Z,2276283,0.82900000,1188.43000000,sell,2022-05-15 18:11:49.961994+00:00
2022-05-15T18:11:49.961994Z,2276282,0.82800000,43.72000000,sell,2022-05-15 18:11:49.961994+00:00
2022-05-15T18:11:24.659183Z,2276281,0.82800000,24.16000000,sell,2022-05-15 18:11:24.659183+00:00
2022-05-15T18:10:47.712407Z,2276280,0.82700000,60.46000000,sell,2022-05-15 18:10:47.712407+00:00
2022-05-15T18:10:47.61444Z,2276279,0.82700000,12.11000000,sell,2022-05-15 18:10:47.614440+00:00
2022-05-15T18:10:35.952929Z,2276278,0.82600000,0.12000000,buy,2022-05-15 18:10:35.952929+00:00
2022-05-15T18:10:35.952929Z,2276277,0.82600000,1.17000000,buy,2022-05-15 18:10:35.952929+00:00
2022-05-15T18:10:31.253655Z,2276276,0.82600000,4.88000000,buy,2022-05-15 18:10:31.253655+00:00
2022-05-15T18:10:21.421275Z,2276275,0.82800000,77.21000000,buy,2022-05-15 18:10:21.421275+00:00
2022-05-15T18:10:18.334504Z,2276274,0.82700000,90.47000000,sell,2022-05-15 18:10:18.334504+00:00
2022-05-15T18:10:14.82139Z,2276273,0.82800000,30.20000000,sell,2022-05-15 18:10:14.821390+00:00
2022-05-15T18:09:32.807762Z,2276272,0.82800000,87.60000000,buy,2022-05-15 18:09:32.807762+00:00
2022-05-15T18:09:26.67021Z,2276271,0.82800000,12.09000000,sell,2022-05-15 18:09:26.670210+00:00
2022-05-15T18:09:19.329677Z,2276270,0.82900000,12.08000000,sell,2022-05-15 18:09:19.329677+00:00
2022-05-15T18:09:09.7011Z,2276269,0.82800000,77.08000000,buy,2022-05-15 18:09:09.701100+00:00
2022-05-15T18:09:06.612092Z,2276268,0.82900000,30.16000000,sell,2022-05-15 18:09:06.612092+00:00
2022-05-15T18:09:05.123896Z,2276267,0.82700000,81.46000000,sell,2022-05-15 18:09:05.123896+00:00
2022-05-15T18:08:18.136383Z,2276266,0.83000000,66.78000000,buy,2022-05-15 18:08:18.136383+00:00
2022-05-15T18:07:55.651402Z,2276265,0.82800000,70.25000000,sell,2022-05-15 18:07:55.651402+00:00
2022-05-15T18:07:38.998854Z,2276264,0.82800000,320.05000000,sell,2022-05-15 18:07:38.998854+00:00
2022-05-15T18:07:15.923112Z,2276263,0.82700000,241.40000000,buy,2022-05-15 18:07:15.923112+00:00
2022-05-15T18:06:54.817903Z,2276262,0.82900000,69.44000000,buy,2022-05-15 18:06:54.817903+00:00
2022-05-15T18:06:20.058591Z,2276261,0.82900000,604.07000000,buy,2022-05-15 18:06:20.058591+00:00
2022-05-15T18:05:37.942517Z,2276260,0.82700000,636.20000000,buy,2022-05-15 18:05:37.942517+00:00
2022-05-15T18:05:17.246659Z,2276259,0.83000000,30.13000000,sell,2022-05-15 18:05:17.246659+00:00
2022-05-15T18:05:07.668051Z,2276258,0.83000000,60.25000000,sell,2022-05-15 18:05:07.668051+00:00
2022-05-15T18:04:32.159032Z,2276257,0.83000000,210.85000000,sell,2022-05-15 18:04:32.159032+00:00
2022-05-15T18:03:41.558969Z,2276256,0.82700000,0.83000000,buy,2022-05-15 18:03:41.558969+00:00
2022-05-15T18:03:40.256985Z,2276255,0.82800000,281.49000000,sell,2022-05-15 18:03:40.256985+00:00
2022-05-15T18:03:37.096071Z,2276254,0.82800000,0.83000000,buy,2022-05-15 18:03:37.096071+00:00
2022-05-15T18:03:33.321897Z,2276253,0.82700000,300.90000000,buy,2022-05-15 18:03:33.321897+00:00
2022-05-15T18:03:33.166118Z,2276252,0.82800000,70.42000000,sell,2022-05-15 18:03:33.166118+00:00
2022-05-15T18:03:32.467834Z,2276251,0.82900000,0.83000000,sell,2022-05-15 18:03:32.467834+00:00
2022-05-15T18:03:29.996999Z,2276250,0.82900000,68.58000000,buy,2022-05-15 18:03:29.996999+00:00
2022-05-15T18:03:29.964135Z,2276249,0.82900000,72.27000000,buy,2022-05-15 18:03:29.964135+00:00
2022-05-15T18:03:29.773062Z,2276248,0.83000000,530.00000000,sell,2022-05-15 18:03:29.773062+00:00
2022-05-15T18:03:28.73026Z,2276247,0.82900000,178.20000000,sell,2022-05-15 18:03:28.730260+00:00
2022-05-15T18:03:28.73026Z,2276246,0.82900000,30.00000000,sell,2022-05-15 18:03:28.730260+00:00
2022-05-15T18:03:28.73026Z,2276245,0.82900000,132.17000000,sell,2022-05-15 18:03:28.730260+00:00
2022-05-15T18:03:28.48187Z,2276244,0.82900000,250.00000000,buy,2022-05-15 18:03:28.481870+00:00
2022-05-15T18:03:28.48187Z,2276243,0.82900000,1.26000000,buy,2022-05-15 18:03:28.481870+00:00
2022-05-15T18:03:28.261635Z,2276242,0.83000000,0.84000000,buy,2022-05-15 18:03:28.261635+00:00
2022-05-15T18:02:32.448446Z,2276241,0.83200000,120.20000000,sell,2022-05-15 18:02:32.448446+00:00
2022-05-15T18:02:26.110758Z,2276240,0.83200000,77.48000000,sell,2022-05-15 18:02:26.110758+00:00
2022-05-15T18:02:26.110758Z,2276239,0.83200000,30.00000000,sell,2022-05-15 18:02:26.110758+00:00
2022-05-15T18:02:16.224807Z,2276238,0.83100000,1.03000000,sell,2022-05-15 18:02:16.224807+00:00
2022-05-15T18:02:00.463708Z,2276237,0.83200000,68.39000000,buy,2022-05-15 18:02:00.463708+00:00
2022-05-15T18:02:00.425561Z,2276236,0.83200000,68.43000000,buy,2022-05-15 18:02:00.425561+00:00
2022-05-15T18:01:59.923328Z,2276235,0.83200000,120.20000000,sell,2022-05-15 18:01:59.923328+00:00
2022-05-15T18:01:52.085578Z,2276234,0.83100000,0.64000000,buy,2022-05-15 18:01:52.085578+00:00
2022-05-15T18:00:40.198024Z,2276233,0.83200000,84.43000000,buy,2022-05-15 18:00:40.198024+00:00
2022-05-15T18:00:17.613606Z,2276232,0.83200000,120.32000000,sell,2022-05-15 18:00:17.613606+00:00
2022-05-15T17:59:06.124046Z,2276231,0.83300000,446.83000000,sell,2022-05-15 17:59:06.124046+00:00
2022-05-15T17:59:06.124046Z,2276230,0.83200000,85.08000000,sell,2022-05-15 17:59:06.124046+00:00
2022-05-15T17:58:43.190982Z,2276229,0.83200000,3.15000000,sell,2022-05-15 17:58:43.190982+00:00
2022-05-15T17:58:32.829454Z,2276228,0.83200000,109.98000000,buy,2022-05-15 17:58:32.829454+00:00
2022-05-15T17:58:17.55046Z,2276227,0.83100000,87.55000000,sell,2022-05-15 17:58:17.550460+00:00
2022-05-15T17:57:42.515502Z,2276226,0.83200000,90.65000000,buy,2022-05-15 17:57:42.515502+00:00
2022-05-15T17:57:27.254374Z,2276225,0.83200000,60.10000000,sell,2022-05-15 17:57:27.254374+00:00
2022-05-15T17:56:55.147724Z,2276224,0.83200000,108.46000000,buy,2022-05-15 17:56:55.147724+00:00
2022-05-15T17:56:43.555579Z,2276223,0.83100000,71.79000000,sell,2022-05-15 17:56:43.555579+00:00
2022-05-15T17:56:01.755693Z,2276222,0.83300000,3.86000000,sell,2022-05-15 17:56:01.755693+00:00
2022-05-15T17:55:47.838278Z,2276221,0.83100000,23.74000000,buy,2022-05-15 17:55:47.838278+00:00
2022-05-15T17:55:08.219446Z,2276220,0.83300000,40.00000000,sell,2022-05-15 17:55:08.219446+00:00
2022-05-15T17:54:42.368223Z,2276219,0.83100000,0.84000000,buy,2022-05-15 17:54:42.368223+00:00
2022-05-15T17:54:42.368223Z,2276218,0.83100000,1.26000000,buy,2022-05-15 17:54:42.368223+00:00
2022-05-15T17:54:39.789309Z,2276217,0.83200000,713.69000000,buy,2022-05-15 17:54:39.789309+00:00
2022-05-15T17:54:22.401032Z,2276216,0.83200000,23.67000000,buy,2022-05-15 17:54:22.401032+00:00
2022-05-15T17:54:15.089181Z,2276215,0.83300000,10.76000000,sell,2022-05-15 17:54:15.089181+00:00
2022-05-15T17:53:38.822224Z,2276214,0.83200000,113.73000000,sell,2022-05-15 17:53:38.822224+00:00
2022-05-15T17:53:38.80756Z,2276213,0.83200000,599.96000000,sell,2022-05-15 17:53:38.807560+00:00
2022-05-15T17:53:32.748063Z,2276212,0.83300000,40.00000000,sell,2022-05-15 17:53:32.748063+00:00
2022-05-15T17:53:17.682692Z,2276211,0.83200000,36.01000000,buy,2022-05-15 17:53:17.682692+00:00
2022-05-15T17:52:55.893298Z,2276210,0.83500000,460.24000000,sell,2022-05-15 17:52:55.893298+00:00
2022-05-15T17:52:55.893298Z,2276209,0.83400000,30.00000000,sell,2022-05-15 17:52:55.893298+00:00
2022-05-15T17:52:55.893298Z,2276208,0.83400000,96.84000000,sell,2022-05-15 17:52:55.893298+00:00
2022-05-15T17:52:31.734663Z,2276207,0.83400000,106.87000000,sell,2022-05-15 17:52:31.734663+00:00
2022-05-15T17:51:24.604691Z,2276206,0.83400000,12.01000000,buy,2022-05-15 17:51:24.604691+00:00
2022-05-15T17:51:21.9901Z,2276205,0.83200000,39.55000000,buy,2022-05-15 17:51:21.990100+00:00
2022-05-15T17:51:21.9901Z,2276204,0.83200000,0.85000000,buy,2022-05-15 17:51:21.990100+00:00
2022-05-15T17:51:21.9901Z,2276203,0.83300000,2.08000000,buy,2022-05-15 17:51:21.990100+00:00
2022-05-15T17:50:50.162992Z,2276202,0.83400000,12.01000000,sell,2022-05-15 17:50:50.162992+00:00
2022-05-15T17:49:47.938411Z,2276201,0.83500000,81.80000000,buy,2022-05-15 17:49:47.938411+00:00
2022-05-15T17:49:37.619857Z,2276200,0.83500000,97.34000000,sell,2022-05-15 17:49:37.619857+00:00
2022-05-15T17:48:39.218544Z,2276199,0.83400000,0.66000000,buy,2022-05-15 17:48:39.218544+00:00
2022-05-15T17:47:35.853049Z,2276198,0.83500000,29.95000000,sell,2022-05-15 17:47:35.853049+00:00
2022-05-15T17:47:34.441409Z,2276197,0.83500000,73.93000000,buy,2022-05-15 17:47:34.441409+00:00
2022-05-15T17:47:34.191629Z,2276196,0.83500000,73.93000000,buy,2022-05-15 17:47:34.191629+00:00
2022-05-15T17:46:36.978181Z,2276195,0.83500000,29.95000000,sell,2022-05-15 17:46:36.978181+00:00
2022-05-15T17:44:36.091888Z,2276194,0.83500000,88.54000000,sell,2022-05-15 17:44:36.091888+00:00
2022-05-15T17:44:22.621662Z,2276193,0.83500000,479.05000000,sell,2022-05-15 17:44:22.621662+00:00
2022-05-15T17:44:20.252425Z,2276192,0.83500000,285.22000000,sell,2022-05-15 17:44:20.252425+00:00
2022-05-15T17:43:15.835173Z,2276191,0.83500000,120.50000000,sell,2022-05-15 17:43:15.835173+00:00
2022-05-15T17:41:55.693399Z,2276190,0.83500000,11.99000000,sell,2022-05-15 17:41:55.693399+00:00
2022-05-15T17:41:39.010993Z,2276189,0.83500000,162.58000000,sell,2022-05-15 17:41:39.010993+00:00
2022-05-15T17:41:39.010993Z,2276188,0.83500000,99.20000000,sell,2022-05-15 17:41:39.010993+00:00
2022-05-15T17:41:38.805259Z,2276187,0.83200000,1.69000000,buy,2022-05-15 17:41:38.805259+00:00
2022-05-15T17:41:29.994515Z,2276186,0.83200000,6.25000000,buy,2022-05-15 17:41:29.994515+00:00
2022-05-15T17:41:29.994515Z,2276185,0.83300000,0.85000000,buy,2022-05-15 17:41:29.994515+00:00
2022-05-15T17:41:29.994515Z,2276184,0.83300000,1.26000000,buy,2022-05-15 17:41:29.994515+00:00
2022-05-15T17:41:09.292373Z,2276183,0.83500000,12.02000000,sell,2022-05-15 17:41:09.292373+00:00
2022-05-15T17:40:21.426371Z,2276182,0.83500000,11.99000000,sell,2022-05-15 17:40:21.426371+00:00
2022-05-15T17:39:10.774522Z,2276181,0.83500000,26.98000000,sell,2022-05-15 17:39:10.774522+00:00
2022-05-15T17:37:50.251303Z,2276180,0.83400000,29.98000000,sell,2022-05-15 17:37:50.251303+00:00
2022-05-15T17:37:37.161168Z,2276179,0.83500000,29.89000000,sell,2022-05-15 17:37:37.161168+00:00
2022-05-15T17:37:37.161168Z,2276178,0.83500000,30.00000000,sell,2022-05-15 17:37:37.161168+00:00
2022-05-15T17:36:47.258677Z,2276177,0.83400000,0.85000000,buy,2022-05-15 17:36:47.258677+00:00
2022-05-15T17:36:06.440282Z,2276176,0.83700000,17.93000000,sell,2022-05-15 17:36:06.440282+00:00
2022-05-15T17:35:32.185865Z,2276175,0.83700000,541.42000000,buy,2022-05-15 17:35:32.185865+00:00
2022-05-15T17:35:32.151427Z,2276174,0.83600000,37.44000000,sell,2022-05-15 17:35:32.151427+00:00
2022-05-15T17:35:32.147391Z,2276173,0.83600000,50.00000000,sell,2022-05-15 17:35:32.147391+00:00
2022-05-15T17:35:32.05901Z,2276172,0.83600000,12.35000000,sell,2022-05-15 17:35:32.059010+00:00
2022-05-15T17:35:07.186009Z,2276171,0.83800000,95.47000000,sell,2022-05-15 17:35:07.186009+00:00
2022-05-15T17:35:00.555462Z,2276170,0.83600000,0.58000000,buy,2022-05-15 17:35:00.555462+00:00
2022-05-15T17:34:41.6861Z,2276169,0.83700000,29.87000000,sell,2022-05-15 17:34:41.686100+00:00
2022-05-15T17:33:31.270843Z,2276168,0.83700000,17.09000000,sell,2022-05-15 17:33:31.270843+00:00
2022-05-15T17:32:45.623678Z,2276167,0.83700000,11.96000000,sell,2022-05-15 17:32:45.623678+00:00
2022-05-15T17:32:39.223155Z,2276166,0.83700000,32.66000000,sell,2022-05-15 17:32:39.223155+00:00
2022-05-15T17:32:28.480006Z,2276165,0.83500000,0.85000000,buy,2022-05-15 17:32:28.480006+00:00
2022-05-15T17:32:24.429013Z,2276164,0.83600000,85.46000000,buy,2022-05-15 17:32:24.429013+00:00
2022-05-15T17:32:05.870782Z,2276163,0.83600000,0.85000000,buy,2022-05-15 17:32:05.870782+00:00
2022-05-15T17:32:03.256446Z,2276162,0.83500000,5.98000000,buy,2022-05-15 17:32:03.256446+00:00
2022-05-15T17:32:03.256446Z,2276161,0.83500000,1.26000000,buy,2022-05-15 17:32:03.256446+00:00
2022-05-15T17:32:03.23011Z,2276160,0.83600000,713.69000000,buy,2022-05-15 17:32:03.230110+00:00
2022-05-15T17:32:02.83717Z,2276159,0.83600000,69.73000000,sell,2022-05-15 17:32:02.837170+00:00
2022-05-15T17:32:02.304667Z,2276158,0.83700000,0.85000000,buy,2022-05-15 17:32:02.304667+00:00
2022-05-15T17:31:54.058272Z,2276157,0.83700000,713.69000000,buy,2022-05-15 17:31:54.058272+00:00
2022-05-15T17:31:54.05096Z,2276156,0.83800000,17.90000000,sell,2022-05-15 17:31:54.050960+00:00
2022-05-15T17:31:49.335438Z,2276155,0.83700000,1.25000000,buy,2022-05-15 17:31:49.335438+00:00
2022-05-15T17:31:46.773701Z,2276154,0.83800000,0.85000000,buy,2022-05-15 17:31:46.773701+00:00
2022-05-15T17:31:11.249155Z,2276153,0.84000000,74.32000000,buy,2022-05-15 17:31:11.249155+00:00
2022-05-15T17:31:00.493305Z,2276152,0.84000000,713.69000000,buy,2022-05-15 17:31:00.493305+00:00
2022-05-15T17:30:05.539888Z,2276151,0.84500000,770.38000000,sell,2022-05-15 17:30:05.539888+00:00
2022-05-15T17:30:05.539888Z,2276150,0.84500000,113.02000000,sell,2022-05-15 17:30:05.539888+00:00
2022-05-15T17:30:05.539888Z,2276149,0.84500000,986.94000000,sell,2022-05-15 17:30:05.539888+00:00
2022-05-15T17:30:05.539888Z,2276148,0.84500000,296.89000000,sell,2022-05-15 17:30:05.539888+00:00
2022-05-15T17:30:05.539888Z,2276147,0.84400000,199.64000000,sell,2022-05-15 17:30:05.539888+00:00
2022-05-15T17:29:26.586647Z,2276146,0.84200000,11.89000000,sell,2022-05-15 17:29:26.586647+00:00
2022-05-15T17:29:25.613539Z,2276145,0.84200000,28.20000000,sell,2022-05-15 17:29:25.613539+00:00
2022-05-15T17:29:22.824159Z,2276144,0.84200000,68.42000000,buy,2022-05-15 17:29:22.824159+00:00
2022-05-15T17:29:20.194303Z,2276143,0.84100000,106.54000000,sell,2022-05-15 17:29:20.194303+00:00
2022-05-15T17:29:18.987063Z,2276142,0.84300000,23.73000000,sell,2022-05-15 17:29:18.987063+00:00
2022-05-15T17:29:17.967699Z,2276141,0.84200000,72.89000000,buy,2022-05-15 17:29:17.967699+00:00
2022-05-15T17:28:50.527571Z,2276140,0.84200000,114.45000000,sell,2022-05-15 17:28:50.527571+00:00
2022-05-15T17:28:17.68318Z,2276139,0.84300000,0.33000000,sell,2022-05-15 17:28:17.683180+00:00
2022-05-15T17:28:00.863972Z,2276138,0.84300000,23.73000000,buy,2022-05-15 17:28:00.863972+00:00
2022-05-15T17:27:58.305214Z,2276137,0.84300000,41.52000000,sell,2022-05-15 17:27:58.305214+00:00
2022-05-15T17:27:03.854345Z,2276136,0.84400000,103.98000000,buy,2022-05-15 17:27:03.854345+00:00
2022-05-15T17:26:55.974451Z,2276135,0.84200000,103.30000000,sell,2022-05-15 17:26:55.974451+00:00
2022-05-15T17:26:55.499475Z,2276134,0.84300000,67.02000000,buy,2022-05-15 17:26:55.499475+00:00
2022-05-15T17:26:30.049077Z,2276133,0.84200000,29.90000000,sell,2022-05-15 17:26:30.049077+00:00
2022-05-15T17:24:26.265151Z,2276132,0.84100000,11.91000000,sell,2022-05-15 17:24:26.265151+00:00
2022-05-15T17:24:12.354872Z,2276131,0.84100000,237.51000000,sell,2022-05-15 17:24:12.354872+00:00
2022-05-15T17:23:36.045709Z,2276130,0.84200000,29.70000000,sell,2022-05-15 17:23:36.045709+00:00
2022-05-15T17:22:48.693285Z,2276129,0.84200000,11.89000000,sell,2022-05-15 17:22:48.693285+00:00
2022-05-15T17:22:29.642851Z,2276128,0.84200000,100.00000000,sell,2022-05-15 17:22:29.642851+00:00
2022-05-15T17:22:24.106716Z,2276127,0.84000000,713.69000000,buy,2022-05-15 17:22:24.106716+00:00
2022-05-15T17:21:25.882724Z,2276126,0.84400000,11.87000000,sell,2022-05-15 17:21:25.882724+00:00
2022-05-15T17:21:06.689107Z,2276125,0.84400000,11.87000000,sell,2022-05-15 17:21:06.689107+00:00
2022-05-15T17:20:41.640269Z,2276124,0.84300000,66.94000000,buy,2022-05-15 17:20:41.640269+00:00
2022-05-15T17:20:10.066035Z,2276123,0.84300000,11.88000000,sell,2022-05-15 17:20:10.066035+00:00
2022-05-15T17:19:57.242597Z,2276122,0.84300000,59.32000000,sell,2022-05-15 17:19:57.242597+00:00
2022-05-15T17:19:15.86782Z,2276121,0.84300000,11.88000000,sell,2022-05-15 17:19:15.867820+00:00
2022-05-15T17:17:39.692019Z,2276120,0.84300000,67.70000000,buy,2022-05-15 17:17:39.692019+00:00
2022-05-15T17:17:39.692019Z,2276119,0.84400000,107.30000000,buy,2022-05-15 17:17:39.692019+00:00
2022-05-15T17:17:04.910507Z,2276118,0.84400000,226.43000000,sell,2022-05-15 17:17:04.910507+00:00
2022-05-15T17:16:59.906528Z,2276117,0.84300000,72.96000000,sell,2022-05-15 17:16:59.906528+00:00
2022-05-15T17:16:22.798363Z,2276116,0.84200000,12.48000000,sell,2022-05-15 17:16:22.798363+00:00
2022-05-15T17:16:22.786366Z,2276115,0.84200000,11.89000000,sell,2022-05-15 17:16:22.786366+00:00
2022-05-15T17:15:03.067227Z,2276114,0.84100000,93.51000000,buy,2022-05-15 17:15:03.067227+00:00
2022-05-15T17:14:49.560744Z,2276113,0.84200000,118.77000000,sell,2022-05-15 17:14:49.560744+00:00
2022-05-15T17:14:21.977138Z,2276112,0.84200000,249.30000000,sell,2022-05-15 17:14:21.977138+00:00
2022-05-15T17:14:16.150345Z,2276111,0.84100000,689.08000000,sell,2022-05-15 17:14:16.150345+00:00
2022-05-15T17:14:04.122044Z,2276110,0.84000000,73.98000000,sell,2022-05-15 17:14:04.122044+00:00
2022-05-15T17:13:33.056638Z,2276109,0.84100000,59.46000000,sell,2022-05-15 17:13:33.056638+00:00
2022-05-15T17:13:25.420547Z,2276108,0.84100000,11.91000000,sell,2022-05-15 17:13:25.420547+00:00
2022-05-15T17:13:11.459918Z,2276107,0.84200000,142.25000000,sell,2022-05-15 17:13:11.459918+00:00
2022-05-15T17:13:07.056144Z,2276106,0.84000000,52.83000000,buy,2022-05-15 17:13:07.056144+00:00
2022-05-15T17:12:52.500641Z,2276105,0.84200000,11.89000000,sell,2022-05-15 17:12:52.500641+00:00
2022-05-15T17:12:33.391942Z,2276104,0.84000000,3.93000000,buy,2022-05-15 17:12:33.391942+00:00
2022-05-15T17:12:32.512078Z,2276103,0.84200000,23.76000000,sell,2022-05-15 17:12:32.512078+00:00
2022-05-15T17:12:08.061094Z,2276102,0.84100000,71.29000000,buy,2022-05-15 17:12:08.061094+00:00
2022-05-15T17:12:01.452314Z,2276101,0.84100000,86.83000000,buy,2022-05-15 17:12:01.452314+00:00
2022-05-15T17:12:01.423493Z,2276100,0.84100000,86.83000000,buy,2022-05-15 17:12:01.423493+00:00
2022-05-15T17:11:52.63032Z,2276099,0.84200000,117.14000000,sell,2022-05-15 17:11:52.630320+00:00
2022-05-15T17:11:48.173643Z,2276098,0.84000000,108.97000000,sell,2022-05-15 17:11:48.173643+00:00
2022-05-15T17:11:43.119327Z,2276097,0.84200000,11.89000000,sell,2022-05-15 17:11:43.119327+00:00
2022-05-15T17:11:26.373855Z,2276096,0.84300000,238.62000000,sell,2022-05-15 17:11:26.373855+00:00
2022-05-15T17:11:26.373855Z,2276095,0.84200000,129.12000000,sell,2022-05-15 17:11:26.373855+00:00
2022-05-15T17:10:42.690317Z,2276094,0.84200000,74.62000000,buy,2022-05-15 17:10:42.690317+00:00
2022-05-15T17:10:32.845667Z,2276093,0.84300000,71.35000000,buy,2022-05-15 17:10:32.845667+00:00
2022-05-15T17:10:28.489626Z,2276092,0.84100000,80.69000000,sell,2022-05-15 17:10:28.489626+00:00
2022-05-15T17:09:25.471563Z,2276091,0.84300000,11.88000000,sell,2022-05-15 17:09:25.471563+00:00
2022-05-15T17:09:14.900625Z,2276090,0.84300000,11.88000000,sell,2022-05-15 17:09:14.900625+00:00
2022-05-15T17:09:10.426155Z,2276089,0.84300000,29.66000000,sell,2022-05-15 17:09:10.426155+00:00
2022-05-15T17:08:28.443826Z,2276088,0.84400000,11.87000000,sell,2022-05-15 17:08:28.443826+00:00
2022-05-15T17:08:14.348348Z,2276087,0.84400000,113.85000000,buy,2022-05-15 17:08:14.348348+00:00
2022-05-15T17:08:14.292958Z,2276086,0.84400000,73.37000000,buy,2022-05-15 17:08:14.292958+00:00
2022-05-15T17:07:50.804017Z,2276085,0.84100000,59.39000000,sell,2022-05-15 17:07:50.804017+00:00
2022-05-15T17:07:44.105602Z,2276084,0.84200000,741.81000000,sell,2022-05-15 17:07:44.105602+00:00
2022-05-15T17:07:44.105602Z,2276083,0.84200000,0.34000000,sell,2022-05-15 17:07:44.105602+00:00
2022-05-15T17:07:44.105602Z,2276082,0.84100000,87.99000000,sell,2022-05-15 17:07:44.105602+00:00
2022-05-15T17:06:16.060216Z,2276081,0.84100000,99.37000000,buy,2022-05-15 17:06:16.060216+00:00
2022-05-15T17:06:13.293703Z,2276080,0.84100000,110.78000000,buy,2022-05-15 17:06:13.293703+00:00
2022-05-15T17:06:02.752246Z,2276079,0.84100000,118.91000000,sell,2022-05-15 17:06:02.752246+00:00
2022-05-15T17:05:56.39866Z,2276078,0.84000000,17.86000000,sell,2022-05-15 17:05:56.398660+00:00
2022-05-15T17:05:50.226142Z,2276077,0.84000000,303.43000000,sell,2022-05-15 17:05:50.226142+00:00
2022-05-15T17:05:45.350615Z,2276076,0.84000000,237.98000000,sell,2022-05-15 17:05:45.350615+00:00
2022-05-15T17:05:44.703911Z,2276075,0.84100000,59.46000000,sell,2022-05-15 17:05:44.703911+00:00
2022-05-15T17:05:28.717949Z,2276074,0.83900000,117.97000000,sell,2022-05-15 17:05:28.717949+00:00
2022-05-15T17:05:28.687399Z,2276073,0.83900000,72.49000000,sell,2022-05-15 17:05:28.687399+00:00
2022-05-15T17:05:28.672383Z,2276072,0.83900000,59.53000000,sell,2022-05-15 17:05:28.672383+00:00
2022-05-15T17:05:05.04961Z,2276071,0.84100000,81.08000000,sell,2022-05-15 17:05:05.049610+00:00
2022-05-15T17:05:05.04961Z,2276070,0.84000000,40.00000000,sell,2022-05-15 17:05:05.049610+00:00
2022-05-15T17:04:57.996734Z,2276069,0.84000000,104.71000000,buy,2022-05-15 17:04:57.996734+00:00
2022-05-15T17:04:43.023851Z,2276068,0.83900000,112.92000000,buy,2022-05-15 17:04:43.023851+00:00
2022-05-15T17:04:41.335666Z,2276067,0.83800000,237.95000000,buy,2022-05-15 17:04:41.335666+00:00
2022-05-15T17:04:33.297936Z,2276066,0.83900000,0.85000000,buy,2022-05-15 17:04:33.297936+00:00
2022-05-15T17:04:33.297936Z,2276065,0.83900000,1.25000000,buy,2022-05-15 17:04:33.297936+00:00
2022-05-15T17:04:26.655001Z,2276064,0.84100000,83.24000000,buy,2022-05-15 17:04:26.655001+00:00
2022-05-15T17:03:57.700402Z,2276063,0.84000000,0.85000000,buy,2022-05-15 17:03:57.700402+00:00
2022-05-15T17:03:50.253801Z,2276062,0.84100000,92.64000000,sell,2022-05-15 17:03:50.253801+00:00
2022-05-15T17:03:48.246458Z,2276061,0.84200000,592.44000000,sell,2022-05-15 17:03:48.246458+00:00
2022-05-15T17:03:48.01589Z,2276060,0.84100000,0.85000000,buy,2022-05-15 17:03:48.015890+00:00
2022-05-15T17:03:48.01589Z,2276059,0.84100000,1.25000000,buy,2022-05-15 17:03:48.015890+00:00
2022-05-15T17:03:44.927071Z,2276058,0.84200000,0.85000000,buy,2022-05-15 17:03:44.927071+00:00
2022-05-15T17:03:38.721827Z,2276057,0.84500000,1.24000000,buy,2022-05-15 17:03:38.721827+00:00
2022-05-15T17:03:37.87841Z,2276056,0.84300000,0.85000000,buy,2022-05-15 17:03:37.878410+00:00
2022-05-15T17:03:37.87841Z,2276055,0.84300000,1.24000000,buy,2022-05-15 17:03:37.878410+00:00
2022-05-15T17:03:34.159468Z,2276054,0.84400000,689.08000000,buy,2022-05-15 17:03:34.159468+00:00
2022-05-15T17:03:34.033921Z,2276053,0.84400000,590.88000000,sell,2022-05-15 17:03:34.033921+00:00
2022-05-15T17:03:28.6256Z,2276052,0.84400000,0.85000000,buy,2022-05-15 17:03:28.625600+00:00
2022-05-15T17:03:27.62979Z,2276051,0.84700000,588.96000000,sell,2022-05-15 17:03:27.629790+00:00
2022-05-15T17:03:27.40511Z,2276050,0.84500000,294.22000000,buy,2022-05-15 17:03:27.405110+00:00
2022-05-15T17:03:27.396438Z,2276049,0.84600000,250.00000000,buy,2022-05-15 17:03:27.396438+00:00
2022-05-15T17:03:25.998803Z,2276048,0.84900000,158.93000000,sell,2022-05-15 17:03:25.998803+00:00
2022-05-15T17:03:22.088479Z,2276047,0.84900000,587.91000000,sell,2022-05-15 17:03:22.088479+00:00
2022-05-15T17:03:16.583028Z,2276046,0.85000000,124.99000000,sell,2022-05-15 17:03:16.583028+00:00
2022-05-15T17:03:14.175602Z,2276045,0.84600000,1060.40000000,buy,2022-05-15 17:03:14.175602+00:00
2022-05-15T17:03:14.175602Z,2276044,0.84600000,175.27000000,buy,2022-05-15 17:03:14.175602+00:00
2022-05-15T17:03:14.175602Z,2276043,0.84700000,986.94000000,buy,2022-05-15 17:03:14.175602+00:00
2022-05-15T17:03:14.175602Z,2276042,0.84700000,312.34000000,buy,2022-05-15 17:03:14.175602+00:00
2022-05-15T17:03:14.175602Z,2276041,0.84800000,124.40000000,buy,2022-05-15 17:03:14.175602+00:00
2022-05-15T17:03:14.175602Z,2276040,0.84800000,299.92000000,buy,2022-05-15 17:03:14.175602+00:00
2022-05-15T17:03:14.175602Z,2276039,0.84800000,162.94000000,buy,2022-05-15 17:03:14.175602+00:00
2022-05-15T17:03:14.175602Z,2276038,0.84800000,30.00000000,buy,2022-05-15 17:03:14.175602+00:00
2022-05-15T17:03:14.175602Z,2276037,0.84900000,2900.00000000,buy,2022-05-15 17:03:14.175602+00:00
2022-05-15T17:03:14.175602Z,2276036,0.84900000,2158.46000000,buy,2022-05-15 17:03:14.175602+00:00
2022-05-15T17:03:14.175602Z,2276035,0.84900000,116.18000000,buy,2022-05-15 17:03:14.175602+00:00
2022-05-15T17:03:14.175602Z,2276034,0.84900000,293.40000000,buy,2022-05-15 17:03:14.175602+00:00
2022-05-15T17:03:14.175602Z,2276033,0.84900000,250.00000000,buy,2022-05-15 17:03:14.175602+00:00
2022-05-15T17:03:14.175602Z,2276032,0.84900000,40.00000000,buy,2022-05-15 17:03:14.175602+00:00
2022-05-15T17:03:14.175602Z,2276031,0.84900000,164.21000000,buy,2022-05-15 17:03:14.175602+00:00
2022-05-15T17:03:14.175602Z,2276030,0.85000000,10.00000000,buy,2022-05-15 17:03:14.175602+00:00
2022-05-15T17:03:14.175602Z,2276029,0.85000000,116.80000000,buy,2022-05-15 17:03:14.175602+00:00
2022-05-15T17:03:14.175602Z,2276028,0.85000000,643.80000000,buy,2022-05-15 17:03:14.175602+00:00
2022-05-15T17:03:14.175602Z,2276027,0.85000000,40.00000000,buy,2022-05-15 17:03:14.175602+00:00
2022-05-15T17:03:14.175602Z,2276026,0.85100000,114.94000000,buy,2022-05-15 17:03:14.175602+00:00
2022-05-15T17:03:12.027646Z,2276025,0.85300000,1.24000000,sell,2022-05-15 17:03:12.027646+00:00
2022-05-15T17:03:12.027646Z,2276024,0.85300000,0.85000000,sell,2022-05-15 17:03:12.027646+00:00
2022-05-15T17:02:31.225361Z,2276023,0.85000000,589.72000000,buy,2022-05-15 17:02:31.225361+00:00
2022-05-15T17:02:28.420809Z,2276022,0.85100000,68.86000000,sell,2022-05-15 17:02:28.420809+00:00
2022-05-15T17:02:28.40638Z,2276021,0.85000000,689.08000000,sell,2022-05-15 17:02:28.406380+00:00
2022-05-15T17:02:28.281457Z,2276020,0.84800000,436.09000000,buy,2022-05-15 17:02:28.281457+00:00
2022-05-15T17:02:28.281457Z,2276019,0.84800000,40.00000000,buy,2022-05-15 17:02:28.281457+00:00
2022-05-15T17:02:28.281457Z,2276018,0.84800000,114.94000000,buy,2022-05-15 17:02:28.281457+00:00
2022-05-15T17:02:28.234595Z,2276017,0.85100000,644.54000000,sell,2022-05-15 17:02:28.234595+00:00
2022-05-15T17:02:28.07997Z,2276016,0.84900000,12.19000000,sell,2022-05-15 17:02:28.079970+00:00
2022-05-15T17:02:28.07997Z,2276015,0.84900000,212.52000000,sell,2022-05-15 17:02:28.079970+00:00
2022-05-15T17:02:27.866894Z,2276014,0.85100000,1323.51000000,sell,2022-05-15 17:02:27.866894+00:00
2022-05-15T17:02:27.866894Z,2276013,0.85100000,167.32000000,sell,2022-05-15 17:02:27.866894+00:00
2022-05-15T17:02:27.866894Z,2276012,0.85000000,986.94000000,sell,2022-05-15 17:02:27.866894+00:00
2022-05-15T17:02:27.866894Z,2276011,0.85000000,2900.00000000,sell,2022-05-15 17:02:27.866894+00:00
2022-05-15T17:02:27.866894Z,2276010,0.85000000,250.00000000,sell,2022-05-15 17:02:27.866894+00:00
2022-05-15T17:02:27.866894Z,2276009,0.85000000,30.00000000,sell,2022-05-15 17:02:27.866894+00:00
2022-05-15T17:02:27.866894Z,2276008,0.85000000,173.37000000,sell,2022-05-15 17:02:27.866894+00:00
2022-05-15T17:02:27.866894Z,2276007,0.84900000,295.54000000,sell,2022-05-15 17:02:27.866894+00:00
2022-05-15T17:02:27.866894Z,2276006,0.84900000,122.63000000,sell,2022-05-15 17:02:27.866894+00:00
2022-05-15T17:02:27.866894Z,2276005,0.84900000,30.00000000,sell,2022-05-15 17:02:27.866894+00:00
2022-05-15T17:02:27.866894Z,2276004,0.84900000,159.97000000,sell,2022-05-15 17:02:27.866894+00:00
2022-05-15T17:02:27.866894Z,2276003,0.84800000,173.34000000,sell,2022-05-15 17:02:27.866894+00:00
2022-05-15T17:02:27.866894Z,2276002,0.84700000,10.00000000,sell,2022-05-15 17:02:27.866894+00:00
2022-05-15T17:02:27.866894Z,2276001,0.84700000,2665.55000000,sell,2022-05-15 17:02:27.866894+00:00
2022-05-15T17:02:27.866894Z,2276000,0.84700000,642.43000000,sell,2022-05-15 17:02:27.866894+00:00
2022-05-15T17:02:27.866894Z,2275999,0.84600000,69.40000000,sell,2022-05-15 17:02:27.866894+00:00
2022-05-15T17:02:18.20659Z,2275998,0.84400000,0.85000000,buy,2022-05-15 17:02:18.206590+00:00
2022-05-15T17:02:06.319049Z,2275997,0.84600000,94.11000000,sell,2022-05-15 17:02:06.319049+00:00
2022-05-15T17:02:04.216859Z,2275996,0.84700000,589.45000000,sell,2022-05-15 17:02:04.216859+00:00
2022-05-15T17:02:02.761289Z,2275995,0.84500000,110.86000000,buy,2022-05-15 17:02:02.761289+00:00
2022-05-15T17:02:02.191644Z,2275994,0.84500000,2410.12000000,buy,2022-05-15 17:02:02.191644+00:00
2022-05-15T17:02:02.191644Z,2275993,0.84500000,90.85000000,buy,2022-05-15 17:02:02.191644+00:00
2022-05-15T17:02:02.191644Z,2275992,0.84500000,217.35000000,buy,2022-05-15 17:02:02.191644+00:00
2022-05-15T17:02:02.191644Z,2275991,0.84500000,30.00000000,buy,2022-05-15 17:02:02.191644+00:00
2022-05-15T17:02:02.191644Z,2275990,0.84500000,123.39000000,buy,2022-05-15 17:02:02.191644+00:00
2022-05-15T17:02:02.191644Z,2275989,0.84500000,162.08000000,buy,2022-05-15 17:02:02.191644+00:00
2022-05-15T17:02:02.191644Z,2275988,0.84500000,1.24000000,buy,2022-05-15 17:02:02.191644+00:00
2022-05-15T17:02:02.191644Z,2275987,0.84500000,0.85000000,buy,2022-05-15 17:02:02.191644+00:00
2022-05-15T17:02:02.191644Z,2275986,0.84600000,30.00000000,buy,2022-05-15 17:02:02.191644+00:00
2022-05-15T17:02:02.191644Z,2275985,0.84600000,1935.08000000,buy,2022-05-15 17:02:02.191644+00:00
2022-05-15T17:02:02.191644Z,2275984,0.84600000,294.49000000,buy,2022-05-15 17:02:02.191644+00:00
2022-05-15T17:02:02.191644Z,2275983,0.84600000,2036.91000000,buy,2022-05-15 17:02:02.191644+00:00
2022-05-15T17:02:02.191644Z,2275982,0.84600000,250.00000000,buy,2022-05-15 17:02:02.191644+00:00
2022-05-15T17:02:02.191644Z,2275981,0.84700000,646.08000000,buy,2022-05-15 17:02:02.191644+00:00
2022-05-15T17:02:02.191644Z,2275980,0.84700000,986.94000000,buy,2022-05-15 17:02:02.191644+00:00
2022-05-15T17:02:02.191644Z,2275979,0.84800000,689.08000000,buy,2022-05-15 17:02:02.191644+00:00
2022-05-15T17:02:02.191644Z,2275978,0.84900000,95.54000000,buy,2022-05-15 17:02:02.191644+00:00
2022-05-15T17:01:25.677205Z,2275977,0.85000000,66.82000000,sell,2022-05-15 17:01:25.677205+00:00
2022-05-15T17:01:22.64423Z,2275976,0.85000000,129.36000000,sell,2022-05-15 17:01:22.644230+00:00
2022-05-15T17:00:57.639444Z,2275975,0.84900000,11.80000000,buy,2022-05-15 17:00:57.639444+00:00
2022-05-15T17:00:47.981845Z,2275974,0.84900000,127.19000000,sell,2022-05-15 17:00:47.981845+00:00
2022-05-15T16:59:57.656764Z,2275973,0.85000000,58.83000000,sell,2022-05-15 16:59:57.656764+00:00
2022-05-15T16:59:57.391693Z,2275972,0.85000000,288.39000000,sell,2022-05-15 16:59:57.391693+00:00
2022-05-15T16:59:19.768265Z,2275971,0.84900000,0.45000000,sell,2022-05-15 16:59:19.768265+00:00
2022-05-15T16:58:21.337258Z,2275970,0.85000000,165.03000000,sell,2022-05-15 16:58:21.337258+00:00
2022-05-15T16:57:37.380651Z,2275969,0.85000000,393.76000000,buy,2022-05-15 16:57:37.380651+00:00
2022-05-15T16:57:33.33687Z,2275968,0.85000000,689.08000000,buy,2022-05-15 16:57:33.336870+00:00
2022-05-15T16:56:43.219816Z,2275967,0.85000000,0.55000000,sell,2022-05-15 16:56:43.219816+00:00
2022-05-15T16:55:52.913077Z,2275966,0.85000000,69.17000000,sell,2022-05-15 16:55:52.913077+00:00
2022-05-15T16:54:44.842387Z,2275965,0.84900000,97.10000000,buy,2022-05-15 16:54:44.842387+00:00
2022-05-15T16:53:52.768697Z,2275964,0.85000000,64.64000000,sell,2022-05-15 16:53:52.768697+00:00
2022-05-15T16:53:45.005748Z,2275963,0.85000000,4.69000000,sell,2022-05-15 16:53:45.005748+00:00
2022-05-15T16:53:18.32575Z,2275962,0.85000000,127.52000000,buy,2022-05-15 16:53:18.325750+00:00
2022-05-15T16:49:35.871596Z,2275961,0.85100000,23.51000000,sell,2022-05-15 16:49:35.871596+00:00
2022-05-15T16:49:35.655649Z,2275960,0.85100000,11.77000000,sell,2022-05-15 16:49:35.655649+00:00
2022-05-15T16:49:34.178707Z,2275959,0.85100000,11.77000000,sell,2022-05-15 16:49:34.178707+00:00
2022-05-15T16:46:45.565114Z,2275958,0.85000000,0.32000000,buy,2022-05-15 16:46:45.565114+00:00
2022-05-15T16:46:45.565114Z,2275957,0.85000000,0.67000000,buy,2022-05-15 16:46:45.565114+00:00
2022-05-15T16:46:09.88192Z,2275956,0.85300000,0.45000000,buy,2022-05-15 16:46:09.881920+00:00
2022-05-15T16:44:49.889495Z,2275955,0.85400000,294.19000000,sell,2022-05-15 16:44:49.889495+00:00
2022-05-15T16:44:49.889495Z,2275954,0.85400000,250.00000000,sell,2022-05-15 16:44:49.889495+00:00
2022-05-15T16:44:49.889495Z,2275953,0.85400000,0.83000000,sell,2022-05-15 16:44:49.889495+00:00
2022-05-15T16:44:49.889495Z,2275952,0.85300000,1.24000000,sell,2022-05-15 16:44:49.889495+00:00
2022-05-15T16:44:49.889495Z,2275951,0.85300000,0.83000000,sell,2022-05-15 16:44:49.889495+00:00
2022-05-15T16:44:48.890927Z,2275950,0.85200000,0.83000000,sell,2022-05-15 16:44:48.890927+00:00
2022-05-15T16:44:29.781943Z,2275949,0.85100000,5.98000000,sell,2022-05-15 16:44:29.781943+00:00
2022-05-15T16:44:29.781943Z,2275948,0.85100000,0.83000000,sell,2022-05-15 16:44:29.781943+00:00
2022-05-15T16:44:29.781943Z,2275947,0.85100000,1.24000000,sell,2022-05-15 16:44:29.781943+00:00
2022-05-15T16:44:25.724052Z,2275946,0.85000000,2.51000000,buy,2022-05-15 16:44:25.724052+00:00
2022-05-15T16:44:04.786443Z,2275945,0.85000000,0.83000000,sell,2022-05-15 16:44:04.786443+00:00
2022-05-15T16:43:47.960453Z,2275944,0.84900000,0.83000000,sell,2022-05-15 16:43:47.960453+00:00
2022-05-15T16:43:04.580093Z,2275943,0.84800000,23.59000000,sell,2022-05-15 16:43:04.580093+00:00
2022-05-15T16:43:03.208983Z,2275942,0.84800000,29.49000000,sell,2022-05-15 16:43:03.208983+00:00
2022-05-15T16:42:20.899666Z,2275941,0.84800000,14.79000000,sell,2022-05-15 16:42:20.899666+00:00
2022-05-15T16:42:20.899666Z,2275940,0.84800000,1.25000000,sell,2022-05-15 16:42:20.899666+00:00
2022-05-15T16:42:20.899666Z,2275939,0.84800000,0.83000000,sell,2022-05-15 16:42:20.899666+00:00
2022-05-15T16:42:20.899666Z,2275938,0.84700000,0.82000000,sell,2022-05-15 16:42:20.899666+00:00
2022-05-15T16:37:49.724839Z,2275937,0.84600000,31.62000000,sell,2022-05-15 16:37:49.724839+00:00
2022-05-15T16:37:49.724839Z,2275936,0.84600000,0.82000000,sell,2022-05-15 16:37:49.724839+00:00
2022-05-15T16:37:49.724839Z,2275935,0.84600000,1.25000000,sell,2022-05-15 16:37:49.724839+00:00
2022-05-15T16:37:22.473991Z,2275934,0.84400000,30.00000000,buy,2022-05-15 16:37:22.473991+00:00
2022-05-15T16:37:03.706201Z,2275933,0.84400000,29.63000000,sell,2022-05-15 16:37:03.706201+00:00
2022-05-15T16:35:46.775619Z,2275932,0.84300000,29.66000000,sell,2022-05-15 16:35:46.775619+00:00
2022-05-15T16:35:38.873094Z,2275931,0.84200000,17.79000000,buy,2022-05-15 16:35:38.873094+00:00
2022-05-15T16:35:05.818535Z,2275930,0.84200000,509.29000000,sell,2022-05-15 16:35:05.818535+00:00
2022-05-15T16:34:39.81044Z,2275929,0.84200000,11.89000000,sell,2022-05-15 16:34:39.810440+00:00
2022-05-15T16:34:25.694913Z,2275928,0.84100000,113.79000000,sell,2022-05-15 16:34:25.694913+00:00
2022-05-15T16:34:25.677497Z,2275927,0.84000000,212.29000000,sell,2022-05-15 16:34:25.677497+00:00
2022-05-15T16:34:12.796111Z,2275926,0.84000000,244.85000000,sell,2022-05-15 16:34:12.796111+00:00
2022-05-15T16:34:07.792187Z,2275925,0.84000000,171.97000000,sell,2022-05-15 16:34:07.792187+00:00
2022-05-15T16:34:07.792187Z,2275924,0.83900000,78.03000000,sell,2022-05-15 16:34:07.792187+00:00
2022-05-15T16:33:43.198751Z,2275923,0.83800000,4.04000000,buy,2022-05-15 16:33:43.198751+00:00
2022-05-15T16:33:14.440185Z,2275922,0.83900000,11.94000000,sell,2022-05-15 16:33:14.440185+00:00
2022-05-15T16:33:14.128687Z,2275921,0.83800000,121.24000000,buy,2022-05-15 16:33:14.128687+00:00
2022-05-15T16:32:39.339351Z,2275920,0.83800000,22.48000000,buy,2022-05-15 16:32:39.339351+00:00
2022-05-15T16:32:28.661665Z,2275919,0.84000000,11.92000000,sell,2022-05-15 16:32:28.661665+00:00
2022-05-15T16:32:20.885239Z,2275918,0.84000000,11.92000000,sell,2022-05-15 16:32:20.885239+00:00
2022-05-15T16:32:16.413625Z,2275917,0.83800000,29.73000000,buy,2022-05-15 16:32:16.413625+00:00
2022-05-15T16:31:55.030678Z,2275916,0.84000000,69.65000000,sell,2022-05-15 16:31:55.030678+00:00
2022-05-15T16:31:38.377588Z,2275915,0.84000000,59.53000000,sell,2022-05-15 16:31:38.377588+00:00
2022-05-15T16:31:35.031464Z,2275914,0.83900000,272.50000000,buy,2022-05-15 16:31:35.031464+00:00
2022-05-15T16:31:18.362615Z,2275913,0.83900000,23.78000000,buy,2022-05-15 16:31:18.362615+00:00
2022-05-15T16:31:08.877789Z,2275912,0.84000000,0.25000000,buy,2022-05-15 16:31:08.877789+00:00
2022-05-15T16:30:34.092614Z,2275911,0.84000000,47.42000000,buy,2022-05-15 16:30:34.092614+00:00
2022-05-15T16:30:20.415993Z,2275910,0.83900000,136.44000000,buy,2022-05-15 16:30:20.415993+00:00
2022-05-15T16:30:20.415993Z,2275909,0.84000000,2900.00000000,buy,2022-05-15 16:30:20.415993+00:00
2022-05-15T16:30:20.415993Z,2275908,0.84000000,14.03000000,buy,2022-05-15 16:30:20.415993+00:00
2022-05-15T16:30:20.415993Z,2275907,0.84000000,206.54000000,buy,2022-05-15 16:30:20.415993+00:00
2022-05-15T16:30:20.415993Z,2275906,0.84000000,250.00000000,buy,2022-05-15 16:30:20.415993+00:00
2022-05-15T16:30:20.415993Z,2275905,0.84000000,188.82000000,buy,2022-05-15 16:30:20.415993+00:00
2022-05-15T16:30:20.415993Z,2275904,0.84000000,5.00000000,buy,2022-05-15 16:30:20.415993+00:00
2022-05-15T16:30:20.415993Z,2275903,0.84100000,1286.05000000,buy,2022-05-15 16:30:20.415993+00:00
2022-05-15T16:30:20.415993Z,2275902,0.84100000,176.15000000,buy,2022-05-15 16:30:20.415993+00:00
2022-05-15T16:30:20.415993Z,2275901,0.84100000,296.24000000,buy,2022-05-15 16:30:20.415993+00:00
2022-05-15T16:30:20.415993Z,2275900,0.84100000,2036.91000000,buy,2022-05-15 16:30:20.415993+00:00
2022-05-15T16:30:20.415993Z,2275899,0.84100000,0.51000000,buy,2022-05-15 16:30:20.415993+00:00
2022-05-15T16:30:20.415993Z,2275898,0.84100000,40.00000000,buy,2022-05-15 16:30:20.415993+00:00
2022-05-15T16:30:20.415993Z,2275897,0.84200000,649.91000000,buy,2022-05-15 16:30:20.415993+00:00
2022-05-15T16:30:20.415993Z,2275896,0.84200000,986.94000000,buy,2022-05-15 16:30:20.415993+00:00
2022-05-15T16:30:20.415993Z,2275895,0.84200000,2.00000000,buy,2022-05-15 16:30:20.415993+00:00
2022-05-15T16:30:20.415993Z,2275894,0.84200000,30.00000000,buy,2022-05-15 16:30:20.415993+00:00
2022-05-15T16:30:20.415993Z,2275893,0.84300000,689.08000000,buy,2022-05-15 16:30:20.415993+00:00
2022-05-15T16:30:20.415993Z,2275892,0.84300000,105.38000000,buy,2022-05-15 16:30:20.415993+00:00
2022-05-15T16:29:04.444335Z,2275891,0.84400000,105.56000000,sell,2022-05-15 16:29:04.444335+00:00
2022-05-15T16:28:59.360488Z,2275890,0.84500000,69.94000000,buy,2022-05-15 16:28:59.360488+00:00
2022-05-15T16:28:58.370276Z,2275889,0.84500000,70.50000000,buy,2022-05-15 16:28:58.370276+00:00
2022-05-15T16:28:18.264615Z,2275888,0.84500000,118.35000000,sell,2022-05-15 16:28:18.264615+00:00
