time,trade_id,price,size,side,date
2022-05-15T21:11:13.882356Z,3195854,0.66700000,208.00000000,sell,2022-05-15 21:11:13.882356+00:00
2022-05-15T21:09:45.604924Z,3195853,0.66700000,11.95000000,buy,2022-05-15 21:09:45.604924+00:00
2022-05-15T21:09:00.836803Z,3195852,0.66600000,100.00000000,buy,2022-05-15 21:09:00.836803+00:00
2022-05-15T21:08:47.231876Z,3195851,0.66700000,3.77000000,buy,2022-05-15 21:08:47.231876+00:00
2022-05-15T21:08:17.666967Z,3195850,0.66700000,100.00000000,sell,2022-05-15 21:08:17.666967+00:00
2022-05-15T21:08:16.717999Z,3195849,0.66700000,100.00000000,buy,2022-05-15 21:08:16.717999+00:00
2022-05-15T21:08:15.17488Z,3195848,0.66800000,577.96000000,buy,2022-05-15 21:08:15.174880+00:00
2022-05-15T21:07:22.366223Z,3195847,0.67000000,27.45000000,sell,2022-05-15 21:07:22.366223+00:00
2022-05-15T21:07:15.575447Z,3195846,0.66900000,143.97000000,buy,2022-05-15 21:07:15.575447+00:00
2022-05-15T21:07:06.082123Z,3195845,0.67000000,208.00000000,sell,2022-05-15 21:07:06.082123+00:00
2022-05-15T21:06:39.198639Z,3195844,0.67200000,208.00000000,buy,2022-05-15 21:06:39.198639+00:00
2022-05-15T21:06:05.626932Z,3195843,0.66900000,807.32000000,sell,2022-05-15 21:06:05.626932+00:00
2022-05-15T21:06:01.323606Z,3195842,0.66900000,43.30000000,sell,2022-05-15 21:06:01.323606+00:00
2022-05-15T21:05:28.792173Z,3195841,0.67000000,1.70000000,sell,2022-05-15 21:05:28.792173+00:00
2022-05-15T21:05:14.177892Z,3195840,0.66900000,189.85000000,buy,2022-05-15 21:05:14.177892+00:00
2022-05-15T21:04:34.00209Z,3195839,0.67000000,2.92000000,sell,2022-05-15 21:04:34.002090+00:00
2022-05-15T21:04:25.420017Z,3195838,0.66800000,171.88000000,buy,2022-05-15 21:04:25.420017+00:00
2022-05-15T21:04:25.420017Z,3195837,0.66800000,615.76000000,buy,2022-05-15 21:04:25.420017+00:00
2022-05-15T21:04:25.420017Z,3195836,0.66800000,208.00000000,buy,2022-05-15 21:04:25.420017+00:00
2022-05-15T21:04:25.420017Z,3195835,0.66800000,520.00000000,buy,2022-05-15 21:04:25.420017+00:00
2022-05-15T21:04:25.420017Z,3195834,0.66800000,140.00000000,buy,2022-05-15 21:04:25.420017+00:00
2022-05-15T21:04:25.420017Z,3195833,0.66900000,140.00000000,buy,2022-05-15 21:04:25.420017+00:00
2022-05-15T21:04:25.420017Z,3195832,0.66900000,150.00000000,buy,2022-05-15 21:04:25.420017+00:00
2022-05-15T21:04:25.420017Z,3195831,0.66900000,520.00000000,buy,2022-05-15 21:04:25.420017+00:00
2022-05-15T21:04:25.420017Z,3195830,0.66900000,208.00000000,buy,2022-05-15 21:04:25.420017+00:00
2022-05-15T21:04:03.838609Z,3195829,0.67000000,519.96000000,sell,2022-05-15 21:04:03.838609+00:00
2022-05-15T21:04:03.838609Z,3195828,0.67000000,206.54000000,sell,2022-05-15 21:04:03.838609+00:00
2022-05-15T21:03:24.201374Z,3195827,0.67000000,1.46000000,sell,2022-05-15 21:03:24.201374+00:00
2022-05-15T21:01:53.195716Z,3195826,0.66800000,139.92000000,buy,2022-05-15 21:01:53.195716+00:00
2022-05-15T21:01:53.195716Z,3195825,0.66800000,94.48000000,buy,2022-05-15 21:01:53.195716+00:00
2022-05-15T21:01:06.452322Z,3195824,0.66800000,113.52000000,buy,2022-05-15 21:01:06.452322+00:00
2022-05-15T21:01:06.452322Z,3195823,0.66800000,345.00000000,buy,2022-05-15 21:01:06.452322+00:00
2022-05-15T21:01:06.429242Z,3195822,0.66800000,175.00000000,buy,2022-05-15 21:01:06.429242+00:00
2022-05-15T21:01:06.364744Z,3195821,0.66800000,140.00000000,buy,2022-05-15 21:01:06.364744+00:00
2022-05-15T21:01:06.364744Z,3195820,0.66800000,140.00000000,buy,2022-05-15 21:01:06.364744+00:00
2022-05-15T21:01:05.423358Z,3195819,0.66900000,0.66000000,buy,2022-05-15 21:01:05.423358+00:00
2022-05-15T21:01:05.423358Z,3195818,0.66900000,100.00000000,buy,2022-05-15 21:01:05.423358+00:00
2022-05-15T21:01:05.423358Z,3195817,0.66900000,500.00000000,buy,2022-05-15 21:01:05.423358+00:00
2022-05-15T21:00:41.247453Z,3195816,0.67000000,571.10000000,buy,2022-05-15 21:00:41.247453+00:00
2022-05-15T20:59:51.083973Z,3195815,0.67000000,3974.14000000,buy,2022-05-15 20:59:51.083973+00:00
2022-05-15T20:59:23.656629Z,3195814,0.67100000,208.00000000,buy,2022-05-15 20:59:23.656629+00:00
2022-05-15T20:59:23.577905Z,3195813,0.67300000,2781.79000000,sell,2022-05-15 20:59:23.577905+00:00
2022-05-15T20:59:23.577905Z,3195812,0.67300000,5486.40000000,sell,2022-05-15 20:59:23.577905+00:00
2022-05-15T20:59:23.577905Z,3195811,0.67300000,140.00000000,sell,2022-05-15 20:59:23.577905+00:00
2022-05-15T20:59:23.577905Z,3195810,0.67300000,208.00000000,sell,2022-05-15 20:59:23.577905+00:00
2022-05-15T20:59:23.577905Z,3195809,0.67300000,100.00000000,sell,2022-05-15 20:59:23.577905+00:00
2022-05-15T20:59:23.577905Z,3195808,0.67300000,140.00000000,sell,2022-05-15 20:59:23.577905+00:00
2022-05-15T20:59:23.577905Z,3195807,0.67300000,597.59000000,sell,2022-05-15 20:59:23.577905+00:00
2022-05-15T20:59:23.577905Z,3195806,0.67200000,100.00000000,sell,2022-05-15 20:59:23.577905+00:00
2022-05-15T20:59:23.577905Z,3195805,0.67200000,208.00000000,sell,2022-05-15 20:59:23.577905+00:00
2022-05-15T20:59:23.577905Z,3195804,0.67200000,520.00000000,sell,2022-05-15 20:59:23.577905+00:00
2022-05-15T20:59:23.577905Z,3195803,0.67200000,591.22000000,sell,2022-05-15 20:59:23.577905+00:00
2022-05-15T20:59:23.577905Z,3195802,0.67200000,140.00000000,sell,2022-05-15 20:59:23.577905+00:00
2022-05-15T20:59:23.577905Z,3195801,0.67100000,520.00000000,sell,2022-05-15 20:59:23.577905+00:00
2022-05-15T20:59:23.577905Z,3195800,0.67100000,100.00000000,sell,2022-05-15 20:59:23.577905+00:00
2022-05-15T20:59:23.577905Z,3195799,0.67100000,208.00000000,sell,2022-05-15 20:59:23.577905+00:00
2022-05-15T20:59:17.539534Z,3195798,0.67100000,208.00000000,buy,2022-05-15 20:59:17.539534+00:00
2022-05-15T20:58:51.930332Z,3195797,0.67000000,623.66000000,buy,2022-05-15 20:58:51.930332+00:00
2022-05-15T20:58:51.930332Z,3195796,0.67000000,100.00000000,buy,2022-05-15 20:58:51.930332+00:00
2022-05-15T20:58:51.930332Z,3195795,0.67000000,208.00000000,buy,2022-05-15 20:58:51.930332+00:00
2022-05-15T20:58:23.273855Z,3195794,0.67000000,27.49000000,sell,2022-05-15 20:58:23.273855+00:00
2022-05-15T20:57:33.633383Z,3195793,0.66900000,520.00000000,buy,2022-05-15 20:57:33.633383+00:00
2022-05-15T20:56:07.791796Z,3195792,0.67000000,151.00000000,buy,2022-05-15 20:56:07.791796+00:00
2022-05-15T20:56:07.097525Z,3195791,0.67000000,520.00000000,sell,2022-05-15 20:56:07.097525+00:00
2022-05-15T20:54:59.791821Z,3195790,0.66800000,215.97000000,sell,2022-05-15 20:54:59.791821+00:00
2022-05-15T20:54:54.212798Z,3195789,0.66700000,520.00000000,sell,2022-05-15 20:54:54.212798+00:00
2022-05-15T20:54:38.095702Z,3195788,0.66700000,85.73000000,buy,2022-05-15 20:54:38.095702+00:00
2022-05-15T20:54:38.095702Z,3195787,0.66700000,140.00000000,buy,2022-05-15 20:54:38.095702+00:00
2022-05-15T20:54:37.040594Z,3195786,0.66800000,500.00000000,buy,2022-05-15 20:54:37.040594+00:00
2022-05-15T20:54:36.912503Z,3195785,0.66900000,100.00000000,buy,2022-05-15 20:54:36.912503+00:00
2022-05-15T20:54:36.458848Z,3195784,0.67000000,195.35000000,sell,2022-05-15 20:54:36.458848+00:00
2022-05-15T20:54:19.178995Z,3195783,0.67000000,1.60000000,sell,2022-05-15 20:54:19.178995+00:00
2022-05-15T20:54:12.370383Z,3195782,0.67100000,0.41000000,sell,2022-05-15 20:54:12.370383+00:00
2022-05-15T20:54:05.901121Z,3195781,0.67000000,208.00000000,buy,2022-05-15 20:54:05.901121+00:00
2022-05-15T20:54:05.843425Z,3195780,0.67000000,208.00000000,buy,2022-05-15 20:54:05.843425+00:00
2022-05-15T20:54:05.843425Z,3195779,0.67000000,520.00000000,buy,2022-05-15 20:54:05.843425+00:00
2022-05-15T20:54:03.0938Z,3195778,0.67100000,520.00000000,buy,2022-05-15 20:54:03.093800+00:00
2022-05-15T20:53:46.561862Z,3195777,0.67100000,100.00000000,sell,2022-05-15 20:53:46.561862+00:00
2022-05-15T20:53:46.561862Z,3195776,0.67100000,140.00000000,sell,2022-05-15 20:53:46.561862+00:00
2022-05-15T20:53:46.561862Z,3195775,0.67100000,208.00000000,sell,2022-05-15 20:53:46.561862+00:00
2022-05-15T20:53:46.561862Z,3195774,0.67100000,520.00000000,sell,2022-05-15 20:53:46.561862+00:00
2022-05-15T20:53:36.599043Z,3195773,0.67100000,519.94000000,sell,2022-05-15 20:53:36.599043+00:00
2022-05-15T20:53:36.599043Z,3195772,0.67100000,208.00000000,sell,2022-05-15 20:53:36.599043+00:00
2022-05-15T20:53:36.599043Z,3195771,0.67100000,573.46000000,sell,2022-05-15 20:53:36.599043+00:00
2022-05-15T20:51:53.237438Z,3195770,0.67100000,92.00000000,sell,2022-05-15 20:51:53.237438+00:00
2022-05-15T20:51:53.237438Z,3195769,0.67000000,208.00000000,sell,2022-05-15 20:51:53.237438+00:00
2022-05-15T20:51:48.831728Z,3195768,0.67100000,561.45000000,sell,2022-05-15 20:51:48.831728+00:00
2022-05-15T20:51:36.473743Z,3195767,0.67000000,205.92000000,buy,2022-05-15 20:51:36.473743+00:00
2022-05-15T20:51:14.567404Z,3195766,0.67000000,208.00000000,sell,2022-05-15 20:51:14.567404+00:00
2022-05-15T20:50:23.776933Z,3195765,0.67000000,208.00000000,sell,2022-05-15 20:50:23.776933+00:00
2022-05-15T20:50:07.5166Z,3195764,0.67000000,520.00000000,buy,2022-05-15 20:50:07.516600+00:00
2022-05-15T20:50:07.5166Z,3195763,0.67000000,208.00000000,buy,2022-05-15 20:50:07.516600+00:00
2022-05-15T20:49:25.873726Z,3195762,0.66900000,14.97000000,sell,2022-05-15 20:49:25.873726+00:00
2022-05-15T20:49:10.259858Z,3195761,0.66900000,2.86000000,sell,2022-05-15 20:49:10.259858+00:00
2022-05-15T20:49:06.185766Z,3195760,0.66800000,0.10000000,buy,2022-05-15 20:49:06.185766+00:00
2022-05-15T20:48:33.810597Z,3195759,0.66800000,6.11000000,buy,2022-05-15 20:48:33.810597+00:00
2022-05-15T20:48:00.817932Z,3195758,0.66800000,192.57000000,sell,2022-05-15 20:48:00.817932+00:00
2022-05-15T20:47:59.799559Z,3195757,0.66700000,520.00000000,sell,2022-05-15 20:47:59.799559+00:00
2022-05-15T20:47:59.799559Z,3195756,0.66700000,208.00000000,sell,2022-05-15 20:47:59.799559+00:00
2022-05-15T20:47:10.67618Z,3195755,0.66900000,120.00000000,buy,2022-05-15 20:47:10.676180+00:00
2022-05-15T20:46:49.10785Z,3195754,0.66800000,394.36000000,sell,2022-05-15 20:46:49.107850+00:00
2022-05-15T20:46:38.568112Z,3195753,0.66800000,202.37000000,sell,2022-05-15 20:46:38.568112+00:00
2022-05-15T20:46:38.568112Z,3195752,0.66800000,140.00000000,sell,2022-05-15 20:46:38.568112+00:00
2022-05-15T20:46:38.568112Z,3195751,0.66800000,208.00000000,sell,2022-05-15 20:46:38.568112+00:00
2022-05-15T20:45:27.237917Z,3195750,0.66600000,100.00000000,buy,2022-05-15 20:45:27.237917+00:00
2022-05-15T20:45:23.244725Z,3195749,0.66700000,622.42000000,buy,2022-05-15 20:45:23.244725+00:00
2022-05-15T20:43:04.614088Z,3195748,0.66700000,13.58000000,buy,2022-05-15 20:43:04.614088+00:00
2022-05-15T20:42:45.642642Z,3195747,0.66700000,100.00000000,buy,2022-05-15 20:42:45.642642+00:00
2022-05-15T20:42:36.895664Z,3195746,0.66900000,520.00000000,sell,2022-05-15 20:42:36.895664+00:00
2022-05-15T20:42:36.895664Z,3195745,0.66900000,208.00000000,sell,2022-05-15 20:42:36.895664+00:00
2022-05-15T20:42:06.482901Z,3195744,0.66600000,200.00000000,sell,2022-05-15 20:42:06.482901+00:00
2022-05-15T20:42:06.478375Z,3195743,0.66600000,312.02000000,sell,2022-05-15 20:42:06.478375+00:00
2022-05-15T20:42:06.478375Z,3195742,0.66600000,208.00000000,sell,2022-05-15 20:42:06.478375+00:00
2022-05-15T20:41:22.205459Z,3195741,0.66600000,520.00000000,buy,2022-05-15 20:41:22.205459+00:00
2022-05-15T20:41:22.205459Z,3195740,0.66600000,100.00000000,buy,2022-05-15 20:41:22.205459+00:00
2022-05-15T20:41:20.396885Z,3195739,0.66600000,200.38000000,buy,2022-05-15 20:41:20.396885+00:00
2022-05-15T20:41:20.396885Z,3195738,0.66700000,0.05000000,buy,2022-05-15 20:41:20.396885+00:00
2022-05-15T20:41:06.969289Z,3195737,0.66700000,0.10000000,buy,2022-05-15 20:41:06.969289+00:00
2022-05-15T20:40:42.182269Z,3195736,0.66700000,338.17000000,buy,2022-05-15 20:40:42.182269+00:00
2022-05-15T20:40:25.931704Z,3195735,0.66700000,4.31000000,buy,2022-05-15 20:40:25.931704+00:00
2022-05-15T20:40:24.957993Z,3195734,0.66900000,145.70000000,sell,2022-05-15 20:40:24.957993+00:00
2022-05-15T20:40:24.957993Z,3195733,0.66900000,44.15000000,sell,2022-05-15 20:40:24.957993+00:00
2022-05-15T20:39:08.241465Z,3195732,0.66900000,163.85000000,sell,2022-05-15 20:39:08.241465+00:00
2022-05-15T20:38:43.576445Z,3195731,0.66800000,208.00000000,sell,2022-05-15 20:38:43.576445+00:00
2022-05-15T20:38:42.348432Z,3195730,0.66800000,232.63000000,sell,2022-05-15 20:38:42.348432+00:00
2022-05-15T20:38:42.348432Z,3195729,0.66800000,208.00000000,sell,2022-05-15 20:38:42.348432+00:00
2022-05-15T20:38:21.258578Z,3195728,0.66900000,620.52000000,sell,2022-05-15 20:38:21.258578+00:00
2022-05-15T20:37:06.534564Z,3195727,0.66800000,576.15000000,sell,2022-05-15 20:37:06.534564+00:00
2022-05-15T20:37:06.220299Z,3195726,0.66800000,200.00000000,sell,2022-05-15 20:37:06.220299+00:00
2022-05-15T20:36:46.601494Z,3195725,0.66700000,24.66000000,sell,2022-05-15 20:36:46.601494+00:00
2022-05-15T20:36:39.762502Z,3195724,0.66700000,3.49000000,sell,2022-05-15 20:36:39.762502+00:00
2022-05-15T20:35:22.429291Z,3195723,0.66700000,520.00000000,buy,2022-05-15 20:35:22.429291+00:00
2022-05-15T20:35:22.429291Z,3195722,0.66700000,100.00000000,buy,2022-05-15 20:35:22.429291+00:00
2022-05-15T20:35:22.429291Z,3195721,0.66700000,208.00000000,buy,2022-05-15 20:35:22.429291+00:00
2022-05-15T20:34:50.031236Z,3195720,0.66900000,208.00000000,buy,2022-05-15 20:34:50.031236+00:00
2022-05-15T20:34:47.648891Z,3195719,0.66900000,448.43000000,buy,2022-05-15 20:34:47.648891+00:00
2022-05-15T20:34:36.462822Z,3195718,0.67000000,568.60000000,sell,2022-05-15 20:34:36.462822+00:00
2022-05-15T20:34:35.713367Z,3195717,0.67000000,200.59000000,sell,2022-05-15 20:34:35.713367+00:00
2022-05-15T20:34:05.824341Z,3195716,0.66900000,520.00000000,buy,2022-05-15 20:34:05.824341+00:00
2022-05-15T20:34:05.824341Z,3195715,0.66900000,208.00000000,buy,2022-05-15 20:34:05.824341+00:00
2022-05-15T20:34:01.342173Z,3195714,0.67100000,1792.00000000,sell,2022-05-15 20:34:01.342173+00:00
2022-05-15T20:34:01.342173Z,3195713,0.67100000,208.00000000,sell,2022-05-15 20:34:01.342173+00:00
2022-05-15T20:33:40.221921Z,3195712,0.66800000,57.12000000,buy,2022-05-15 20:33:40.221921+00:00
2022-05-15T20:33:22.185601Z,3195711,0.66900000,188.97000000,sell,2022-05-15 20:33:22.185601+00:00
2022-05-15T20:33:02.983059Z,3195710,0.66700000,211.16000000,buy,2022-05-15 20:33:02.983059+00:00
2022-05-15T20:33:02.983059Z,3195709,0.66700000,208.00000000,buy,2022-05-15 20:33:02.983059+00:00
2022-05-15T20:32:09.854289Z,3195708,0.66900000,13.06000000,sell,2022-05-15 20:32:09.854289+00:00
2022-05-15T20:31:57.010996Z,3195707,0.66900000,286.94000000,sell,2022-05-15 20:31:57.010996+00:00
2022-05-15T20:31:57.010996Z,3195706,0.66900000,207.83000000,sell,2022-05-15 20:31:57.010996+00:00
2022-05-15T20:30:44.574474Z,3195705,0.66700000,58.64000000,sell,2022-05-15 20:30:44.574474+00:00
2022-05-15T20:30:38.411564Z,3195704,0.66500000,100.00000000,buy,2022-05-15 20:30:38.411564+00:00
2022-05-15T20:30:38.411564Z,3195703,0.66500000,140.00000000,buy,2022-05-15 20:30:38.411564+00:00
2022-05-15T20:30:38.411564Z,3195702,0.66500000,577.79000000,buy,2022-05-15 20:30:38.411564+00:00
2022-05-15T20:30:19.920523Z,3195701,0.66700000,140.00000000,buy,2022-05-15 20:30:19.920523+00:00
2022-05-15T20:30:19.769025Z,3195700,0.66700000,140.00000000,buy,2022-05-15 20:30:19.769025+00:00
2022-05-15T20:30:19.523568Z,3195699,0.66700000,140.00000000,buy,2022-05-15 20:30:19.523568+00:00
2022-05-15T20:30:19.494596Z,3195698,0.66700000,140.00000000,buy,2022-05-15 20:30:19.494596+00:00
2022-05-15T20:29:57.845792Z,3195697,0.66900000,0.17000000,sell,2022-05-15 20:29:57.845792+00:00
2022-05-15T20:29:18.284581Z,3195696,0.66800000,74.32000000,sell,2022-05-15 20:29:18.284581+00:00
2022-05-15T20:28:42.200523Z,3195695,0.66800000,149.14000000,buy,2022-05-15 20:28:42.200523+00:00
2022-05-15T20:28:29.773973Z,3195694,0.66800000,59.66000000,buy,2022-05-15 20:28:29.773973+00:00
2022-05-15T20:28:24.415785Z,3195693,0.66900000,208.00000000,sell,2022-05-15 20:28:24.415785+00:00
2022-05-15T20:28:22.908308Z,3195692,0.66800000,605.82000000,buy,2022-05-15 20:28:22.908308+00:00
2022-05-15T20:28:22.908308Z,3195691,0.66800000,5486.40000000,buy,2022-05-15 20:28:22.908308+00:00
2022-05-15T20:28:22.908308Z,3195690,0.66800000,607.86000000,buy,2022-05-15 20:28:22.908308+00:00
2022-05-15T20:28:22.908308Z,3195689,0.66800000,520.00000000,buy,2022-05-15 20:28:22.908308+00:00
2022-05-15T20:28:22.908308Z,3195688,0.66800000,208.00000000,buy,2022-05-15 20:28:22.908308+00:00
2022-05-15T20:28:22.908308Z,3195687,0.66800000,140.00000000,buy,2022-05-15 20:28:22.908308+00:00
2022-05-15T20:28:22.908308Z,3195686,0.66900000,19.50000000,buy,2022-05-15 20:28:22.908308+00:00
2022-05-15T20:28:22.908308Z,3195685,0.66900000,208.00000000,buy,2022-05-15 20:28:22.908308+00:00
2022-05-15T20:28:22.908308Z,3195684,0.66900000,520.00000000,buy,2022-05-15 20:28:22.908308+00:00
2022-05-15T20:28:22.908308Z,3195683,0.66900000,140.00000000,buy,2022-05-15 20:28:22.908308+00:00
2022-05-15T20:26:53.199401Z,3195682,0.67100000,192.12000000,sell,2022-05-15 20:26:53.199401+00:00
2022-05-15T20:26:53.199401Z,3195681,0.67100000,7.88000000,sell,2022-05-15 20:26:53.199401+00:00
2022-05-15T20:26:50.851228Z,3195680,0.67100000,200.12000000,sell,2022-05-15 20:26:50.851228+00:00
2022-05-15T20:26:35.679185Z,3195679,0.66900000,68.66000000,buy,2022-05-15 20:26:35.679185+00:00
2022-05-15T20:26:10.647009Z,3195678,0.67000000,520.00000000,buy,2022-05-15 20:26:10.647009+00:00
2022-05-15T20:26:10.110059Z,3195677,0.67000000,520.00000000,buy,2022-05-15 20:26:10.110059+00:00
2022-05-15T20:26:10.036735Z,3195676,0.67000000,19.50000000,sell,2022-05-15 20:26:10.036735+00:00
2022-05-15T20:26:09.89599Z,3195675,0.67000000,140.00000000,sell,2022-05-15 20:26:09.895990+00:00
2022-05-15T20:26:09.828772Z,3195674,0.67000000,140.00000000,sell,2022-05-15 20:26:09.828772+00:00
2022-05-15T20:26:09.763824Z,3195673,0.67000000,140.00000000,sell,2022-05-15 20:26:09.763824+00:00
2022-05-15T20:26:09.707901Z,3195672,0.67000000,140.00000000,sell,2022-05-15 20:26:09.707901+00:00
2022-05-15T20:25:17.365451Z,3195671,0.67200000,8255.52000000,sell,2022-05-15 20:25:17.365451+00:00
2022-05-15T20:25:17.365451Z,3195670,0.67200000,110.00000000,sell,2022-05-15 20:25:17.365451+00:00
2022-05-15T20:25:17.365451Z,3195669,0.67200000,602.11000000,sell,2022-05-15 20:25:17.365451+00:00
2022-05-15T20:25:17.365451Z,3195668,0.67100000,100.00000000,sell,2022-05-15 20:25:17.365451+00:00
2022-05-15T20:25:17.365451Z,3195667,0.67100000,5486.40000000,sell,2022-05-15 20:25:17.365451+00:00
2022-05-15T20:25:17.365451Z,3195666,0.67100000,120.00000000,sell,2022-05-15 20:25:17.365451+00:00
2022-05-15T20:25:17.365451Z,3195665,0.67100000,140.00000000,sell,2022-05-15 20:25:17.365451+00:00
2022-05-15T20:25:17.365451Z,3195664,0.67000000,130.00000000,sell,2022-05-15 20:25:17.365451+00:00
2022-05-15T20:25:17.365451Z,3195663,0.67000000,140.00000000,sell,2022-05-15 20:25:17.365451+00:00
2022-05-15T20:25:17.365451Z,3195662,0.66900000,140.00000000,sell,2022-05-15 20:25:17.365451+00:00
2022-05-15T20:25:17.365451Z,3195661,0.66900000,150.00000000,sell,2022-05-15 20:25:17.365451+00:00
2022-05-15T20:25:04.673408Z,3195660,0.66900000,208.00000000,buy,2022-05-15 20:25:04.673408+00:00
2022-05-15T20:25:04.351859Z,3195659,0.67000000,0.90000000,sell,2022-05-15 20:25:04.351859+00:00
2022-05-15T20:25:04.11224Z,3195658,0.66900000,208.00000000,buy,2022-05-15 20:25:04.112240+00:00
2022-05-15T20:25:03.574996Z,3195657,0.66900000,208.00000000,buy,2022-05-15 20:25:03.574996+00:00
2022-05-15T20:25:02.991766Z,3195656,0.66900000,208.00000000,buy,2022-05-15 20:25:02.991766+00:00
2022-05-15T20:25:02.341995Z,3195655,0.66900000,208.00000000,buy,2022-05-15 20:25:02.341995+00:00
2022-05-15T20:24:56.587236Z,3195654,0.67000000,208.00000000,buy,2022-05-15 20:24:56.587236+00:00
2022-05-15T20:24:55.423377Z,3195653,0.67000000,208.00000000,buy,2022-05-15 20:24:55.423377+00:00
2022-05-15T20:24:53.580133Z,3195652,0.67000000,208.00000000,buy,2022-05-15 20:24:53.580133+00:00
2022-05-15T20:24:50.969633Z,3195651,0.67000000,2.49000000,buy,2022-05-15 20:24:50.969633+00:00
2022-05-15T20:24:42.26841Z,3195650,0.67100000,292.00000000,buy,2022-05-15 20:24:42.268410+00:00
2022-05-15T20:24:42.26841Z,3195649,0.67100000,208.00000000,buy,2022-05-15 20:24:42.268410+00:00
2022-05-15T20:24:38.133395Z,3195648,0.67200000,100.00000000,sell,2022-05-15 20:24:38.133395+00:00
2022-05-15T20:23:37.330067Z,3195647,0.66700000,18.00000000,buy,2022-05-15 20:23:37.330067+00:00
2022-05-15T20:23:34.071942Z,3195646,0.66900000,134.53000000,sell,2022-05-15 20:23:34.071942+00:00
2022-05-15T20:22:43.068181Z,3195645,0.66600000,100.00000000,buy,2022-05-15 20:22:43.068181+00:00
2022-05-15T20:22:43.068181Z,3195644,0.66600000,613.52000000,buy,2022-05-15 20:22:43.068181+00:00
2022-05-15T20:22:32.639954Z,3195643,0.66800000,520.00000000,buy,2022-05-15 20:22:32.639954+00:00
2022-05-15T20:22:32.639954Z,3195642,0.66800000,140.00000000,buy,2022-05-15 20:22:32.639954+00:00
2022-05-15T20:22:32.639954Z,3195641,0.66800000,208.00000000,buy,2022-05-15 20:22:32.639954+00:00
2022-05-15T20:22:22.242258Z,3195640,0.67000000,208.00000000,sell,2022-05-15 20:22:22.242258+00:00
2022-05-15T20:21:55.389842Z,3195639,0.67200000,475.80000000,sell,2022-05-15 20:21:55.389842+00:00
2022-05-15T20:21:55.389842Z,3195638,0.67200000,140.00000000,sell,2022-05-15 20:21:55.389842+00:00
2022-05-15T20:21:51.105211Z,3195637,0.67000000,19.50000000,buy,2022-05-15 20:21:51.105211+00:00
2022-05-15T20:21:51.083366Z,3195636,0.67000000,208.00000000,buy,2022-05-15 20:21:51.083366+00:00
2022-05-15T20:21:51.083366Z,3195635,0.67000000,100.00000000,buy,2022-05-15 20:21:51.083366+00:00
2022-05-15T20:21:51.083366Z,3195634,0.67000000,140.00000000,buy,2022-05-15 20:21:51.083366+00:00
2022-05-15T20:21:31.682701Z,3195633,0.67200000,208.00000000,buy,2022-05-15 20:21:31.682701+00:00
2022-05-15T20:21:05.787769Z,3195632,0.67200000,208.00000000,buy,2022-05-15 20:21:05.787769+00:00
2022-05-15T20:21:05.689901Z,3195631,0.67200000,208.00000000,buy,2022-05-15 20:21:05.689901+00:00
2022-05-15T20:20:46.953466Z,3195630,0.67200000,1.52000000,sell,2022-05-15 20:20:46.953466+00:00
2022-05-15T20:20:46.84522Z,3195629,0.67000000,90.27000000,buy,2022-05-15 20:20:46.845220+00:00
2022-05-15T20:20:41.033351Z,3195628,0.67100000,208.00000000,buy,2022-05-15 20:20:41.033351+00:00
2022-05-15T20:19:36.116972Z,3195627,0.67000000,208.00000000,sell,2022-05-15 20:19:36.116972+00:00
2022-05-15T20:19:36.116972Z,3195626,0.67000000,503.60000000,sell,2022-05-15 20:19:36.116972+00:00
2022-05-15T20:19:18.170845Z,3195625,0.67000000,16.40000000,sell,2022-05-15 20:19:18.170845+00:00
2022-05-15T20:19:03.836162Z,3195624,0.66900000,140.00000000,sell,2022-05-15 20:19:03.836162+00:00
2022-05-15T20:19:03.836162Z,3195623,0.66900000,208.00000000,sell,2022-05-15 20:19:03.836162+00:00
2022-05-15T20:17:15.50145Z,3195622,0.66700000,208.00000000,buy,2022-05-15 20:17:15.501450+00:00
2022-05-15T20:17:15.50145Z,3195621,0.66700000,520.00000000,buy,2022-05-15 20:17:15.501450+00:00
2022-05-15T20:17:08.738302Z,3195620,0.66800000,208.00000000,buy,2022-05-15 20:17:08.738302+00:00
2022-05-15T20:16:58.784243Z,3195619,0.66900000,520.00000000,buy,2022-05-15 20:16:58.784243+00:00
2022-05-15T20:16:58.784243Z,3195618,0.66900000,208.00000000,buy,2022-05-15 20:16:58.784243+00:00
2022-05-15T20:16:32.476767Z,3195617,0.66700000,9.25000000,buy,2022-05-15 20:16:32.476767+00:00
2022-05-15T20:16:14.152344Z,3195616,0.66500000,49.22000000,buy,2022-05-15 20:16:14.152344+00:00
2022-05-15T20:15:30.852108Z,3195615,0.66900000,208.00000000,buy,2022-05-15 20:15:30.852108+00:00
2022-05-15T20:15:08.232736Z,3195614,0.67100000,520.00000000,buy,2022-05-15 20:15:08.232736+00:00
2022-05-15T20:15:08.232736Z,3195613,0.67100000,140.00000000,buy,2022-05-15 20:15:08.232736+00:00
2022-05-15T20:15:06.135758Z,3195612,0.67200000,99.01000000,sell,2022-05-15 20:15:06.135758+00:00
2022-05-15T20:14:56.714541Z,3195611,0.67100000,72.23000000,sell,2022-05-15 20:14:56.714541+00:00
2022-05-15T20:14:56.714541Z,3195610,0.67100000,208.00000000,sell,2022-05-15 20:14:56.714541+00:00
2022-05-15T20:14:55.774907Z,3195609,0.66900000,0.02000000,sell,2022-05-15 20:14:55.774907+00:00
2022-05-15T20:14:55.431609Z,3195608,0.66900000,3013.70000000,sell,2022-05-15 20:14:55.431609+00:00
2022-05-15T20:14:55.352903Z,3195607,0.66900000,9405.22000000,sell,2022-05-15 20:14:55.352903+00:00
2022-05-15T20:14:55.33171Z,3195606,0.66900000,746.40000000,sell,2022-05-15 20:14:55.331710+00:00
2022-05-15T20:14:41.4299Z,3195605,0.66800000,520.00000000,buy,2022-05-15 20:14:41.429900+00:00
2022-05-15T20:14:16.743015Z,3195604,0.67000000,520.00000000,buy,2022-05-15 20:14:16.743015+00:00
2022-05-15T20:14:11.48844Z,3195603,0.67000000,520.00000000,buy,2022-05-15 20:14:11.488440+00:00
2022-05-15T20:14:08.123334Z,3195602,0.66900000,520.00000000,buy,2022-05-15 20:14:08.123334+00:00
2022-05-15T20:14:03.128837Z,3195601,0.66800000,208.00000000,sell,2022-05-15 20:14:03.128837+00:00
2022-05-15T20:14:00.188761Z,3195600,0.66600000,100.00000000,buy,2022-05-15 20:14:00.188761+00:00
2022-05-15T20:13:57.572492Z,3195599,0.66700000,100.00000000,buy,2022-05-15 20:13:57.572492+00:00
2022-05-15T20:13:42.199532Z,3195598,0.66900000,208.00000000,sell,2022-05-15 20:13:42.199532+00:00
2022-05-15T20:13:35.164134Z,3195597,0.66700000,500.00000000,buy,2022-05-15 20:13:35.164134+00:00
2022-05-15T20:13:30.873709Z,3195596,0.67200000,13.58000000,sell,2022-05-15 20:13:30.873709+00:00
2022-05-15T20:13:26.916035Z,3195595,0.67000000,140.00000000,buy,2022-05-15 20:13:26.916035+00:00
2022-05-15T20:13:26.876575Z,3195594,0.67000000,140.00000000,buy,2022-05-15 20:13:26.876575+00:00
2022-05-15T20:13:26.830444Z,3195593,0.67000000,140.00000000,buy,2022-05-15 20:13:26.830444+00:00
2022-05-15T20:13:26.792647Z,3195592,0.67000000,140.00000000,buy,2022-05-15 20:13:26.792647+00:00
2022-05-15T20:13:26.739262Z,3195591,0.67000000,140.00000000,buy,2022-05-15 20:13:26.739262+00:00
2022-05-15T20:13:26.704192Z,3195590,0.67000000,140.00000000,buy,2022-05-15 20:13:26.704192+00:00
2022-05-15T20:13:26.221458Z,3195589,0.66900000,76.44000000,buy,2022-05-15 20:13:26.221458+00:00
2022-05-15T20:13:26.221458Z,3195588,0.66900000,140.00000000,buy,2022-05-15 20:13:26.221458+00:00
2022-05-15T20:13:24.428455Z,3195587,0.67000000,140.00000000,sell,2022-05-15 20:13:24.428455+00:00
2022-05-15T20:13:24.428455Z,3195586,0.67000000,150.00000000,sell,2022-05-15 20:13:24.428455+00:00
2022-05-15T20:13:23.932722Z,3195585,0.66900000,520.00000000,sell,2022-05-15 20:13:23.932722+00:00
2022-05-15T20:13:23.783849Z,3195584,0.66900000,380.00000000,sell,2022-05-15 20:13:23.783849+00:00
2022-05-15T20:13:23.763862Z,3195583,0.66900000,140.00000000,sell,2022-05-15 20:13:23.763862+00:00
2022-05-15T20:13:23.667665Z,3195582,0.66900000,380.00000000,sell,2022-05-15 20:13:23.667665+00:00
2022-05-15T20:13:23.605032Z,3195581,0.66900000,140.00000000,sell,2022-05-15 20:13:23.605032+00:00
2022-05-15T20:13:23.358392Z,3195580,0.67000000,140.00000000,sell,2022-05-15 20:13:23.358392+00:00
2022-05-15T20:13:23.321736Z,3195579,0.66900000,520.00000000,sell,2022-05-15 20:13:23.321736+00:00
2022-05-15T20:13:23.232051Z,3195578,0.67000000,110.00000000,sell,2022-05-15 20:13:23.232051+00:00
2022-05-15T20:13:23.232051Z,3195577,0.67000000,30.00000000,sell,2022-05-15 20:13:23.232051+00:00
2022-05-15T20:13:23.232051Z,3195576,0.66900000,140.00000000,sell,2022-05-15 20:13:23.232051+00:00
2022-05-15T20:13:23.232051Z,3195575,0.66900000,140.00000000,sell,2022-05-15 20:13:23.232051+00:00
2022-05-15T20:13:23.168356Z,3195574,0.67000000,110.00000000,sell,2022-05-15 20:13:23.168356+00:00
2022-05-15T20:13:23.168356Z,3195573,0.66900000,140.00000000,sell,2022-05-15 20:13:23.168356+00:00
2022-05-15T20:13:23.145312Z,3195572,0.66800000,140.00000000,buy,2022-05-15 20:13:23.145312+00:00
2022-05-15T20:13:23.135739Z,3195571,0.66900000,19.50000000,buy,2022-05-15 20:13:23.135739+00:00
2022-05-15T20:13:23.08281Z,3195570,0.66900000,140.00000000,buy,2022-05-15 20:13:23.082810+00:00
2022-05-15T20:13:22.499583Z,3195569,0.66900000,140.00000000,buy,2022-05-15 20:13:22.499583+00:00
2022-05-15T20:13:22.45791Z,3195568,0.66900000,140.00000000,buy,2022-05-15 20:13:22.457910+00:00
2022-05-15T20:13:22.405318Z,3195567,0.66900000,140.00000000,buy,2022-05-15 20:13:22.405318+00:00
2022-05-15T20:13:20.327366Z,3195566,0.67100000,130.00000000,sell,2022-05-15 20:13:20.327366+00:00
2022-05-15T20:13:20.327366Z,3195565,0.67100000,140.00000000,sell,2022-05-15 20:13:20.327366+00:00
2022-05-15T20:13:09.342486Z,3195564,0.67400000,10.00000000,sell,2022-05-15 20:13:09.342486+00:00
2022-05-15T20:12:57.2799Z,3195563,0.67300000,138.50000000,buy,2022-05-15 20:12:57.279900+00:00
2022-05-15T20:12:57.197288Z,3195562,0.67300000,1.50000000,buy,2022-05-15 20:12:57.197288+00:00
2022-05-15T20:12:51.054475Z,3195561,0.66800000,19.50000000,sell,2022-05-15 20:12:51.054475+00:00
2022-05-15T20:12:35.785355Z,3195560,0.66700000,520.00000000,buy,2022-05-15 20:12:35.785355+00:00
2022-05-15T20:12:33.779185Z,3195559,0.66800000,208.00000000,buy,2022-05-15 20:12:33.779185+00:00
2022-05-15T20:12:30.637305Z,3195558,0.66800000,100.00000000,sell,2022-05-15 20:12:30.637305+00:00
2022-05-15T20:12:28.369315Z,3195557,0.66700000,140.00000000,sell,2022-05-15 20:12:28.369315+00:00
2022-05-15T20:11:59.398129Z,3195556,0.66500000,11.30000000,sell,2022-05-15 20:11:59.398129+00:00
2022-05-15T20:11:46.802353Z,3195555,0.66500000,589.14000000,sell,2022-05-15 20:11:46.802353+00:00
2022-05-15T20:11:03.949757Z,3195554,0.66300000,12.38000000,buy,2022-05-15 20:11:03.949757+00:00
2022-05-15T20:09:55.623327Z,3195553,0.66300000,520.00000000,buy,2022-05-15 20:09:55.623327+00:00
2022-05-15T20:09:39.479776Z,3195552,0.66400000,597.21000000,sell,2022-05-15 20:09:39.479776+00:00
2022-05-15T20:06:18.590892Z,3195551,0.66200000,208.00000000,sell,2022-05-15 20:06:18.590892+00:00
2022-05-15T20:06:18.412581Z,3195550,0.66200000,208.00000000,sell,2022-05-15 20:06:18.412581+00:00
2022-05-15T20:06:09.425521Z,3195549,0.66200000,100.00000000,buy,2022-05-15 20:06:09.425521+00:00
2022-05-15T20:06:00.690262Z,3195548,0.66400000,124.85000000,sell,2022-05-15 20:06:00.690262+00:00
2022-05-15T20:05:59.713463Z,3195547,0.66400000,140.00000000,sell,2022-05-15 20:05:59.713463+00:00
2022-05-15T20:05:59.713463Z,3195546,0.66400000,208.00000000,sell,2022-05-15 20:05:59.713463+00:00
2022-05-15T20:05:59.584306Z,3195545,0.66300000,208.00000000,sell,2022-05-15 20:05:59.584306+00:00
2022-05-15T20:05:59.399829Z,3195544,0.66300000,520.00000000,sell,2022-05-15 20:05:59.399829+00:00
2022-05-15T20:05:59.399829Z,3195543,0.66300000,208.00000000,sell,2022-05-15 20:05:59.399829+00:00
2022-05-15T20:05:27.210191Z,3195542,0.66300000,19.50000000,buy,2022-05-15 20:05:27.210191+00:00
2022-05-15T20:05:27.18362Z,3195541,0.66300000,140.00000000,buy,2022-05-15 20:05:27.183620+00:00
2022-05-15T20:05:05.793435Z,3195540,0.66400000,99.98000000,buy,2022-05-15 20:05:05.793435+00:00
2022-05-15T20:05:05.793435Z,3195539,0.66400000,207.62000000,buy,2022-05-15 20:05:05.793435+00:00
2022-05-15T20:04:20.100182Z,3195538,0.66500000,19.50000000,sell,2022-05-15 20:04:20.100182+00:00
2022-05-15T20:04:18.429937Z,3195537,0.66400000,0.38000000,buy,2022-05-15 20:04:18.429937+00:00
2022-05-15T20:04:17.997206Z,3195536,0.66500000,594.46000000,sell,2022-05-15 20:04:17.997206+00:00
2022-05-15T20:02:25.87516Z,3195535,0.66300000,100.00000000,buy,2022-05-15 20:02:25.875160+00:00
2022-05-15T20:02:00.123269Z,3195534,0.66600000,208.00000000,buy,2022-05-15 20:02:00.123269+00:00
2022-05-15T20:01:46.024972Z,3195533,0.66500000,223.08000000,buy,2022-05-15 20:01:46.024972+00:00
2022-05-15T20:01:46.024972Z,3195532,0.66500000,593.64000000,buy,2022-05-15 20:01:46.024972+00:00
2022-05-15T20:01:46.024972Z,3195531,0.66500000,182.62000000,buy,2022-05-15 20:01:46.024972+00:00
2022-05-15T20:01:46.024972Z,3195530,0.66600000,19.50000000,buy,2022-05-15 20:01:46.024972+00:00
2022-05-15T20:01:46.024972Z,3195529,0.66600000,821.66000000,buy,2022-05-15 20:01:46.024972+00:00
2022-05-15T20:01:46.024972Z,3195528,0.66600000,208.00000000,buy,2022-05-15 20:01:46.024972+00:00
2022-05-15T20:01:46.024972Z,3195527,0.66600000,520.00000000,buy,2022-05-15 20:01:46.024972+00:00
2022-05-15T20:01:46.024972Z,3195526,0.66600000,140.00000000,buy,2022-05-15 20:01:46.024972+00:00
2022-05-15T20:01:33.251261Z,3195525,0.66800000,520.00000000,sell,2022-05-15 20:01:33.251261+00:00
2022-05-15T20:01:33.251261Z,3195524,0.66800000,208.00000000,sell,2022-05-15 20:01:33.251261+00:00
2022-05-15T19:58:52.868983Z,3195523,0.67200000,160.00000000,buy,2022-05-15 19:58:52.868983+00:00
2022-05-15T19:58:42.794902Z,3195522,0.66900000,19.50000000,buy,2022-05-15 19:58:42.794902+00:00
2022-05-15T19:58:29.030214Z,3195521,0.66900000,0.48000000,buy,2022-05-15 19:58:29.030214+00:00
2022-05-15T19:57:21.956926Z,3195520,0.66900000,289.86000000,sell,2022-05-15 19:57:21.956926+00:00
2022-05-15T19:57:12.773094Z,3195519,0.66900000,208.00000000,buy,2022-05-15 19:57:12.773094+00:00
2022-05-15T19:57:10.911766Z,3195518,0.66900000,100.00000000,sell,2022-05-15 19:57:10.911766+00:00
2022-05-15T19:57:10.911766Z,3195517,0.66900000,500.00000000,sell,2022-05-15 19:57:10.911766+00:00
2022-05-15T19:57:07.213052Z,3195516,0.66800000,110.00000000,buy,2022-05-15 19:57:07.213052+00:00
2022-05-15T19:57:06.761684Z,3195515,0.66800000,130.00000000,buy,2022-05-15 19:57:06.761684+00:00
2022-05-15T19:57:06.017356Z,3195514,0.66700000,19.50000000,sell,2022-05-15 19:57:06.017356+00:00
2022-05-15T19:57:06.017356Z,3195513,0.66700000,140.00000000,sell,2022-05-15 19:57:06.017356+00:00
2022-05-15T19:57:06.017356Z,3195512,0.66700000,208.00000000,sell,2022-05-15 19:57:06.017356+00:00
2022-05-15T19:56:55.777338Z,3195511,0.66600000,159.65000000,sell,2022-05-15 19:56:55.777338+00:00
2022-05-15T19:56:55.777338Z,3195510,0.66600000,208.00000000,sell,2022-05-15 19:56:55.777338+00:00
2022-05-15T19:56:49.047445Z,3195509,0.66500000,25.38000000,buy,2022-05-15 19:56:49.047445+00:00
2022-05-15T19:56:14.808996Z,3195508,0.66500000,208.00000000,sell,2022-05-15 19:56:14.808996+00:00
2022-05-15T19:55:54.272056Z,3195507,0.66500000,2.67000000,buy,2022-05-15 19:55:54.272056+00:00
2022-05-15T19:55:06.448362Z,3195506,0.66600000,208.00000000,buy,2022-05-15 19:55:06.448362+00:00
2022-05-15T19:54:07.674328Z,3195505,0.66700000,150.00000000,buy,2022-05-15 19:54:07.674328+00:00
2022-05-15T19:54:05.594977Z,3195504,0.66700000,125.01000000,sell,2022-05-15 19:54:05.594977+00:00
2022-05-15T19:54:05.594977Z,3195503,0.66700000,520.00000000,sell,2022-05-15 19:54:05.594977+00:00
2022-05-15T19:53:56.002729Z,3195502,0.66400000,4.55000000,sell,2022-05-15 19:53:56.002729+00:00
2022-05-15T19:53:37.313279Z,3195501,0.66300000,280.64000000,buy,2022-05-15 19:53:37.313279+00:00
2022-05-15T19:53:37.313279Z,3195500,0.66300000,140.00000000,buy,2022-05-15 19:53:37.313279+00:00
2022-05-15T19:53:36.311535Z,3195499,0.66400000,100.00000000,buy,2022-05-15 19:53:36.311535+00:00
2022-05-15T19:53:36.311535Z,3195498,0.66400000,140.00000000,buy,2022-05-15 19:53:36.311535+00:00
2022-05-15T19:53:36.311535Z,3195497,0.66400000,500.00000000,buy,2022-05-15 19:53:36.311535+00:00
2022-05-15T19:52:08.938746Z,3195496,0.66500000,417.66000000,buy,2022-05-15 19:52:08.938746+00:00
2022-05-15T19:52:08.938746Z,3195495,0.66500000,100.00000000,buy,2022-05-15 19:52:08.938746+00:00
2022-05-15T19:52:08.938746Z,3195494,0.66500000,140.00000000,buy,2022-05-15 19:52:08.938746+00:00
2022-05-15T19:52:08.938746Z,3195493,0.66500000,208.00000000,buy,2022-05-15 19:52:08.938746+00:00
2022-05-15T19:52:08.938746Z,3195492,0.66500000,407.88000000,buy,2022-05-15 19:52:08.938746+00:00
2022-05-15T19:52:08.938746Z,3195491,0.66600000,19.50000000,buy,2022-05-15 19:52:08.938746+00:00
2022-05-15T19:52:08.938746Z,3195490,0.66600000,140.00000000,buy,2022-05-15 19:52:08.938746+00:00
2022-05-15T19:52:08.938746Z,3195489,0.66600000,208.00000000,buy,2022-05-15 19:52:08.938746+00:00
2022-05-15T19:52:08.938746Z,3195488,0.66600000,520.00000000,buy,2022-05-15 19:52:08.938746+00:00
2022-05-15T19:52:08.938746Z,3195487,0.66600000,583.43000000,buy,2022-05-15 19:52:08.938746+00:00
2022-05-15T19:51:25.639438Z,3195486,0.66600000,29.98000000,buy,2022-05-15 19:51:25.639438+00:00
2022-05-15T19:50:27.760731Z,3195485,0.66800000,0.44000000,sell,2022-05-15 19:50:27.760731+00:00
2022-05-15T19:48:57.895981Z,3195484,0.66800000,0.22000000,buy,2022-05-15 19:48:57.895981+00:00
2022-05-15T19:48:37.144197Z,3195483,0.66600000,208.00000000,sell,2022-05-15 19:48:37.144197+00:00
2022-05-15T19:48:13.417843Z,3195482,0.66500000,206.76000000,buy,2022-05-15 19:48:13.417843+00:00
2022-05-15T19:48:13.417843Z,3195481,0.66500000,140.00000000,buy,2022-05-15 19:48:13.417843+00:00
2022-05-15T19:48:13.417843Z,3195480,0.66500000,381.33000000,buy,2022-05-15 19:48:13.417843+00:00
2022-05-15T19:48:13.40019Z,3195479,0.66500000,138.67000000,buy,2022-05-15 19:48:13.400190+00:00
2022-05-15T19:48:13.40019Z,3195478,0.66500000,192.25000000,buy,2022-05-15 19:48:13.400190+00:00
2022-05-15T19:48:13.40019Z,3195477,0.66600000,208.00000000,buy,2022-05-15 19:48:13.400190+00:00
2022-05-15T19:47:54.629847Z,3195476,0.66700000,202.63000000,sell,2022-05-15 19:47:54.629847+00:00
2022-05-15T19:47:54.629847Z,3195475,0.66700000,140.00000000,sell,2022-05-15 19:47:54.629847+00:00
2022-05-15T19:47:36.635068Z,3195474,0.66500000,15.75000000,buy,2022-05-15 19:47:36.635068+00:00
2022-05-15T19:47:30.757621Z,3195473,0.66500000,180.39000000,buy,2022-05-15 19:47:30.757621+00:00
2022-05-15T19:47:16.633743Z,3195472,0.66900000,51.38000000,sell,2022-05-15 19:47:16.633743+00:00
2022-05-15T19:46:58.718087Z,3195471,0.66900000,330.86000000,sell,2022-05-15 19:46:58.718087+00:00
2022-05-15T19:46:58.718087Z,3195470,0.66900000,110.00000000,sell,2022-05-15 19:46:58.718087+00:00
2022-05-15T19:46:58.718087Z,3195469,0.66900000,208.00000000,sell,2022-05-15 19:46:58.718087+00:00
2022-05-15T19:46:54.168104Z,3195468,0.66800000,130.00000000,sell,2022-05-15 19:46:54.168104+00:00
2022-05-15T19:46:54.168104Z,3195467,0.66800000,208.00000000,sell,2022-05-15 19:46:54.168104+00:00
2022-05-15T19:46:52.582736Z,3195466,0.66800000,60.32000000,buy,2022-05-15 19:46:52.582736+00:00
2022-05-15T19:46:52.582736Z,3195465,0.66800000,140.00000000,buy,2022-05-15 19:46:52.582736+00:00
2022-05-15T19:46:46.024182Z,3195464,0.67200000,186.23000000,sell,2022-05-15 19:46:46.024182+00:00
2022-05-15T19:46:16.803056Z,3195463,0.66700000,49.13000000,buy,2022-05-15 19:46:16.803056+00:00
2022-05-15T19:45:37.440577Z,3195462,0.66900000,137.20000000,sell,2022-05-15 19:45:37.440577+00:00
2022-05-15T19:45:37.440577Z,3195461,0.66900000,140.00000000,sell,2022-05-15 19:45:37.440577+00:00
2022-05-15T19:45:37.440577Z,3195460,0.66900000,0.86000000,sell,2022-05-15 19:45:37.440577+00:00
2022-05-15T19:45:36.98045Z,3195459,0.66800000,292.00000000,buy,2022-05-15 19:45:36.980450+00:00
2022-05-15T19:45:36.98045Z,3195458,0.66800000,208.00000000,buy,2022-05-15 19:45:36.980450+00:00
2022-05-15T19:45:36.314495Z,3195457,0.66800000,100.00000000,sell,2022-05-15 19:45:36.314495+00:00
2022-05-15T19:45:32.917345Z,3195456,0.66600000,1.50000000,buy,2022-05-15 19:45:32.917345+00:00
2022-05-15T19:44:57.229654Z,3195455,0.66500000,520.00000000,sell,2022-05-15 19:44:57.229654+00:00
2022-05-15T19:43:29.873182Z,3195454,0.66500000,20.00000000,buy,2022-05-15 19:43:29.873182+00:00
2022-05-15T19:43:29.849167Z,3195453,0.66500000,295.01000000,buy,2022-05-15 19:43:29.849167+00:00
2022-05-15T19:43:29.849167Z,3195452,0.66500000,204.99000000,buy,2022-05-15 19:43:29.849167+00:00
2022-05-15T19:43:25.996716Z,3195451,0.66500000,3.01000000,buy,2022-05-15 19:43:25.996716+00:00
2022-05-15T19:43:14.799641Z,3195450,0.66400000,116.32000000,buy,2022-05-15 19:43:14.799641+00:00
2022-05-15T19:43:14.799641Z,3195449,0.66400000,208.00000000,buy,2022-05-15 19:43:14.799641+00:00
2022-05-15T19:43:14.799641Z,3195448,0.66500000,19.50000000,buy,2022-05-15 19:43:14.799641+00:00
2022-05-15T19:43:14.799641Z,3195447,0.66500000,520.00000000,buy,2022-05-15 19:43:14.799641+00:00
2022-05-15T19:43:14.799641Z,3195446,0.66500000,208.00000000,buy,2022-05-15 19:43:14.799641+00:00
2022-05-15T19:43:14.799641Z,3195445,0.66500000,140.00000000,buy,2022-05-15 19:43:14.799641+00:00
2022-05-15T19:43:14.245845Z,3195444,0.66600000,208.00000000,buy,2022-05-15 19:43:14.245845+00:00
2022-05-15T19:42:44.098271Z,3195443,0.66400000,520.00000000,sell,2022-05-15 19:42:44.098271+00:00
2022-05-15T19:42:44.098271Z,3195442,0.66400000,194.50000000,sell,2022-05-15 19:42:44.098271+00:00
2022-05-15T19:42:43.085893Z,3195441,0.66400000,13.50000000,sell,2022-05-15 19:42:43.085893+00:00
2022-05-15T19:41:32.643727Z,3195440,0.66300000,1.37000000,buy,2022-05-15 19:41:32.643727+00:00
2022-05-15T19:40:34.117155Z,3195439,0.66500000,199.99000000,sell,2022-05-15 19:40:34.117155+00:00
2022-05-15T19:39:41.304824Z,3195438,0.66500000,100.00000000,buy,2022-05-15 19:39:41.304824+00:00
2022-05-15T19:39:16.39626Z,3195437,0.66600000,5.01000000,buy,2022-05-15 19:39:16.396260+00:00
2022-05-15T19:38:43.168541Z,3195436,0.66300000,14.32000000,buy,2022-05-15 19:38:43.168541+00:00
2022-05-15T19:37:37.601668Z,3195435,0.66600000,132.30000000,sell,2022-05-15 19:37:37.601668+00:00
2022-05-15T19:37:37.601668Z,3195434,0.66500000,826.31000000,sell,2022-05-15 19:37:37.601668+00:00
2022-05-15T19:37:37.601668Z,3195433,0.66500000,520.00000000,sell,2022-05-15 19:37:37.601668+00:00
2022-05-15T19:37:37.601668Z,3195432,0.66500000,208.00000000,sell,2022-05-15 19:37:37.601668+00:00
2022-05-15T19:37:17.131903Z,3195431,0.66500000,208.00000000,buy,2022-05-15 19:37:17.131903+00:00
2022-05-15T19:36:49.424561Z,3195430,0.66500000,127.40000000,sell,2022-05-15 19:36:49.424561+00:00
2022-05-15T19:36:49.424561Z,3195429,0.66500000,208.00000000,sell,2022-05-15 19:36:49.424561+00:00
2022-05-15T19:34:12.795943Z,3195428,0.66400000,100.00000000,buy,2022-05-15 19:34:12.795943+00:00
2022-05-15T19:33:53.792468Z,3195427,0.66100000,106.52000000,buy,2022-05-15 19:33:53.792468+00:00
2022-05-15T19:32:58.956595Z,3195426,0.66400000,106.54000000,sell,2022-05-15 19:32:58.956595+00:00
2022-05-15T19:31:39.797615Z,3195425,0.66500000,119.98000000,sell,2022-05-15 19:31:39.797615+00:00
2022-05-15T19:31:39.797615Z,3195424,0.66500000,208.00000000,sell,2022-05-15 19:31:39.797615+00:00
2022-05-15T19:31:05.959855Z,3195423,0.66100000,520.00000000,buy,2022-05-15 19:31:05.959855+00:00
2022-05-15T19:31:05.959855Z,3195422,0.66100000,199.00000000,buy,2022-05-15 19:31:05.959855+00:00
2022-05-15T19:30:12.994479Z,3195421,0.66100000,9.00000000,buy,2022-05-15 19:30:12.994479+00:00
2022-05-15T19:30:00.989859Z,3195420,0.66200000,208.00000000,buy,2022-05-15 19:30:00.989859+00:00
2022-05-15T19:29:56.018691Z,3195419,0.66200000,0.17000000,sell,2022-05-15 19:29:56.018691+00:00
2022-05-15T19:28:20.447295Z,3195418,0.66100000,520.00000000,buy,2022-05-15 19:28:20.447295+00:00
2022-05-15T19:27:55.026496Z,3195417,0.66400000,208.00000000,buy,2022-05-15 19:27:55.026496+00:00
2022-05-15T19:27:29.966552Z,3195416,0.66500000,7.51000000,sell,2022-05-15 19:27:29.966552+00:00
2022-05-15T19:27:18.27486Z,3195415,0.66400000,7.50000000,sell,2022-05-15 19:27:18.274860+00:00
2022-05-15T19:27:18.27486Z,3195414,0.66400000,127.40000000,sell,2022-05-15 19:27:18.274860+00:00
2022-05-15T19:27:18.27486Z,3195413,0.66400000,520.00000000,sell,2022-05-15 19:27:18.274860+00:00
2022-05-15T19:27:18.27486Z,3195412,0.66400000,208.00000000,sell,2022-05-15 19:27:18.274860+00:00
2022-05-15T19:26:20.691449Z,3195411,0.66300000,71.94000000,sell,2022-05-15 19:26:20.691449+00:00
2022-05-15T19:26:06.420542Z,3195410,0.66200000,74.83000000,buy,2022-05-15 19:26:06.420542+00:00
2022-05-15T19:26:06.393629Z,3195409,0.66200000,500.00000000,buy,2022-05-15 19:26:06.393629+00:00
2022-05-15T19:25:08.46802Z,3195408,0.66300000,56.39000000,buy,2022-05-15 19:25:08.468020+00:00
2022-05-15T19:25:08.46802Z,3195407,0.66300000,208.00000000,buy,2022-05-15 19:25:08.468020+00:00
2022-05-15T19:25:07.385893Z,3195406,0.66500000,1026.64000000,buy,2022-05-15 19:25:07.385893+00:00
2022-05-15T19:25:07.383989Z,3195405,0.66500000,2744.62000000,buy,2022-05-15 19:25:07.383989+00:00
2022-05-15T19:25:07.383989Z,3195404,0.66500000,567.65000000,buy,2022-05-15 19:25:07.383989+00:00
2022-05-15T19:24:31.084946Z,3195403,0.66600000,208.00000000,buy,2022-05-15 19:24:31.084946+00:00
2022-05-15T19:24:19.19968Z,3195402,0.66600000,208.00000000,buy,2022-05-15 19:24:19.199680+00:00
2022-05-15T19:24:06.054985Z,3195401,0.66600000,78.31000000,sell,2022-05-15 19:24:06.054985+00:00
2022-05-15T19:24:06.034693Z,3195400,0.66600000,21.69000000,sell,2022-05-15 19:24:06.034693+00:00
2022-05-15T19:23:32.468706Z,3195399,0.66300000,127.40000000,sell,2022-05-15 19:23:32.468706+00:00
2022-05-15T19:23:32.455668Z,3195398,0.66300000,520.00000000,sell,2022-05-15 19:23:32.455668+00:00
2022-05-15T19:23:32.455668Z,3195397,0.66300000,19.50000000,sell,2022-05-15 19:23:32.455668+00:00
2022-05-15T19:23:32.455668Z,3195396,0.66300000,299.69000000,sell,2022-05-15 19:23:32.455668+00:00
2022-05-15T19:23:32.448495Z,3195395,0.66300000,292.60000000,sell,2022-05-15 19:23:32.448495+00:00
2022-05-15T19:23:32.448495Z,3195394,0.66300000,100.00000000,sell,2022-05-15 19:23:32.448495+00:00
2022-05-15T19:23:32.448495Z,3195393,0.66300000,127.40000000,sell,2022-05-15 19:23:32.448495+00:00
2022-05-15T19:23:32.402139Z,3195392,0.66200000,127.40000000,sell,2022-05-15 19:23:32.402139+00:00
2022-05-15T19:23:32.402139Z,3195391,0.66200000,520.00000000,sell,2022-05-15 19:23:32.402139+00:00
2022-05-15T19:23:32.373845Z,3195390,0.66100000,520.00000000,sell,2022-05-15 19:23:32.373845+00:00
2022-05-15T19:23:32.373845Z,3195389,0.66100000,208.00000000,sell,2022-05-15 19:23:32.373845+00:00
2022-05-15T19:19:46.319311Z,3195388,0.66300000,29.37000000,sell,2022-05-15 19:19:46.319311+00:00
2022-05-15T19:19:37.856066Z,3195387,0.66200000,20.34000000,sell,2022-05-15 19:19:37.856066+00:00
2022-05-15T19:19:37.145647Z,3195386,0.66100000,0.03000000,sell,2022-05-15 19:19:37.145647+00:00
2022-05-15T19:19:36.513967Z,3195385,0.66100000,0.20000000,sell,2022-05-15 19:19:36.513967+00:00
2022-05-15T19:17:14.226109Z,3195384,0.66000000,2.71000000,buy,2022-05-15 19:17:14.226109+00:00
2022-05-15T19:14:39.94022Z,3195383,0.66000000,77.58000000,sell,2022-05-15 19:14:39.940220+00:00
2022-05-15T19:14:39.94022Z,3195382,0.66000000,624.15000000,sell,2022-05-15 19:14:39.940220+00:00
2022-05-15T19:14:39.94022Z,3195381,0.65900000,208.00000000,sell,2022-05-15 19:14:39.940220+00:00
2022-05-15T19:14:39.94022Z,3195380,0.65900000,520.00000000,sell,2022-05-15 19:14:39.940220+00:00
2022-05-15T19:14:39.94022Z,3195379,0.65900000,343.33000000,sell,2022-05-15 19:14:39.940220+00:00
2022-05-15T19:14:39.935825Z,3195378,0.65900000,201.46000000,sell,2022-05-15 19:14:39.935825+00:00
2022-05-15T19:14:27.165033Z,3195377,0.65900000,60.70000000,sell,2022-05-15 19:14:27.165033+00:00
2022-05-15T19:14:09.264728Z,3195376,0.65800000,19.50000000,sell,2022-05-15 19:14:09.264728+00:00
2022-05-15T19:14:09.264728Z,3195375,0.65800000,140.00000000,sell,2022-05-15 19:14:09.264728+00:00
2022-05-15T19:13:11.271725Z,3195374,0.65600000,62.34000000,buy,2022-05-15 19:13:11.271725+00:00
2022-05-15T19:12:33.40837Z,3195373,0.65600000,2.11000000,buy,2022-05-15 19:12:33.408370+00:00
2022-05-15T19:11:54.017755Z,3195372,0.65600000,45.21000000,buy,2022-05-15 19:11:54.017755+00:00
2022-05-15T19:11:06.83328Z,3195371,0.65700000,208.00000000,sell,2022-05-15 19:11:06.833280+00:00
2022-05-15T19:10:32.80953Z,3195370,0.65800000,75.99000000,buy,2022-05-15 19:10:32.809530+00:00
2022-05-15T19:10:00.525221Z,3195369,0.65900000,0.65000000,sell,2022-05-15 19:10:00.525221+00:00
2022-05-15T19:09:43.052755Z,3195368,0.65900000,15.19000000,sell,2022-05-15 19:09:43.052755+00:00
2022-05-15T19:09:07.746502Z,3195367,0.66000000,208.00000000,buy,2022-05-15 19:09:07.746502+00:00
2022-05-15T19:09:07.746502Z,3195366,0.66000000,520.00000000,buy,2022-05-15 19:09:07.746502+00:00
2022-05-15T19:08:26.148413Z,3195365,0.66100000,208.00000000,sell,2022-05-15 19:08:26.148413+00:00
2022-05-15T19:08:09.158909Z,3195364,0.66100000,15.00000000,buy,2022-05-15 19:08:09.158909+00:00
2022-05-15T19:07:27.620579Z,3195363,0.66200000,520.00000000,sell,2022-05-15 19:07:27.620579+00:00
2022-05-15T19:07:27.620579Z,3195362,0.66200000,208.00000000,sell,2022-05-15 19:07:27.620579+00:00
2022-05-15T19:06:43.557178Z,3195361,0.66000000,15.09000000,buy,2022-05-15 19:06:43.557178+00:00
2022-05-15T19:06:25.634544Z,3195360,0.66300000,208.00000000,buy,2022-05-15 19:06:25.634544+00:00
2022-05-15T19:06:25.634544Z,3195359,0.66300000,520.00000000,buy,2022-05-15 19:06:25.634544+00:00
2022-05-15T19:06:06.131024Z,3195358,0.66400000,200.01000000,sell,2022-05-15 19:06:06.131024+00:00
2022-05-15T19:06:05.763207Z,3195357,0.66300000,500.00000000,sell,2022-05-15 19:06:05.763207+00:00
2022-05-15T19:05:38.42265Z,3195356,0.66200000,207.95000000,buy,2022-05-15 19:05:38.422650+00:00
2022-05-15T19:05:38.42265Z,3195355,0.66200000,98.65000000,buy,2022-05-15 19:05:38.422650+00:00
2022-05-15T19:05:29.785439Z,3195354,0.66200000,31.35000000,buy,2022-05-15 19:05:29.785439+00:00
2022-05-15T19:05:29.669786Z,3195353,0.66200000,149.84000000,buy,2022-05-15 19:05:29.669786+00:00
2022-05-15T19:05:29.650072Z,3195352,0.66200000,0.16000000,buy,2022-05-15 19:05:29.650072+00:00
2022-05-15T19:04:40.793779Z,3195351,0.66100000,200.00000000,sell,2022-05-15 19:04:40.793779+00:00
2022-05-15T19:04:38.563777Z,3195350,0.66100000,200.00000000,sell,2022-05-15 19:04:38.563777+00:00
2022-05-15T19:04:36.285419Z,3195349,0.66100000,60.00000000,sell,2022-05-15 19:04:36.285419+00:00
2022-05-15T19:04:36.285419Z,3195348,0.66100000,140.00000000,sell,2022-05-15 19:04:36.285419+00:00
2022-05-15T19:04:34.005844Z,3195347,0.66100000,200.00000000,sell,2022-05-15 19:04:34.005844+00:00
2022-05-15T19:04:32.901974Z,3195346,0.66100000,286.36000000,sell,2022-05-15 19:04:32.901974+00:00
2022-05-15T19:04:32.901974Z,3195345,0.66100000,208.00000000,sell,2022-05-15 19:04:32.901974+00:00
2022-05-15T19:04:14.206144Z,3195344,0.65900000,15.13000000,buy,2022-05-15 19:04:14.206144+00:00
2022-05-15T19:03:48.369883Z,3195343,0.65800000,16.38000000,buy,2022-05-15 19:03:48.369883+00:00
2022-05-15T19:03:48.289552Z,3195342,0.65900000,208.00000000,sell,2022-05-15 19:03:48.289552+00:00
2022-05-15T19:03:48.247471Z,3195341,0.65800000,137.22000000,buy,2022-05-15 19:03:48.247471+00:00
2022-05-15T19:03:48.247471Z,3195340,0.65800000,208.00000000,buy,2022-05-15 19:03:48.247471+00:00
2022-05-15T19:03:48.247471Z,3195339,0.65900000,520.00000000,buy,2022-05-15 19:03:48.247471+00:00
2022-05-15T19:03:46.969863Z,3195338,0.66000000,208.00000000,buy,2022-05-15 19:03:46.969863+00:00
2022-05-15T19:03:16.711419Z,3195337,0.66100000,520.00000000,sell,2022-05-15 19:03:16.711419+00:00
2022-05-15T19:02:15.249627Z,3195336,0.65900000,75.82000000,buy,2022-05-15 19:02:15.249627+00:00
2022-05-15T19:02:09.803799Z,3195335,0.66000000,100.00000000,buy,2022-05-15 19:02:09.803799+00:00
2022-05-15T19:00:54.916074Z,3195334,0.66100000,208.00000000,sell,2022-05-15 19:00:54.916074+00:00
2022-05-15T19:00:39.689761Z,3195333,0.66200000,27.82000000,sell,2022-05-15 19:00:39.689761+00:00
2022-05-15T18:59:48.842493Z,3195332,0.66200000,6.02000000,sell,2022-05-15 18:59:48.842493+00:00
2022-05-15T18:59:11.969506Z,3195331,0.66200000,207.93000000,buy,2022-05-15 18:59:11.969506+00:00
2022-05-15T18:59:11.969506Z,3195330,0.66200000,134.67000000,buy,2022-05-15 18:59:11.969506+00:00
2022-05-15T18:59:07.446146Z,3195329,0.66200000,5.33000000,buy,2022-05-15 18:59:07.446146+00:00
2022-05-15T18:58:21.918141Z,3195328,0.66400000,208.00000000,buy,2022-05-15 18:58:21.918141+00:00
2022-05-15T18:58:13.82534Z,3195327,0.66500000,181.80000000,sell,2022-05-15 18:58:13.825340+00:00
2022-05-15T18:58:13.522534Z,3195326,0.66500000,281.23000000,sell,2022-05-15 18:58:13.522534+00:00
2022-05-15T18:58:13.491966Z,3195325,0.66500000,11.55000000,sell,2022-05-15 18:58:13.491966+00:00
2022-05-15T18:58:13.491966Z,3195324,0.66500000,140.00000000,sell,2022-05-15 18:58:13.491966+00:00
2022-05-15T18:58:12.490561Z,3195323,0.66400000,208.00000000,sell,2022-05-15 18:58:12.490561+00:00
2022-05-15T18:58:12.490561Z,3195322,0.66400000,520.00000000,sell,2022-05-15 18:58:12.490561+00:00
2022-05-15T18:58:11.71438Z,3195321,0.66300000,500.00000000,sell,2022-05-15 18:58:11.714380+00:00
2022-05-15T18:58:11.71438Z,3195320,0.66300000,100.00000000,sell,2022-05-15 18:58:11.714380+00:00
2022-05-15T18:58:11.71438Z,3195319,0.66300000,140.00000000,sell,2022-05-15 18:58:11.714380+00:00
2022-05-15T18:58:11.506133Z,3195318,0.66200000,19.50000000,sell,2022-05-15 18:58:11.506133+00:00
2022-05-15T18:57:43.058839Z,3195317,0.66100000,146.25000000,sell,2022-05-15 18:57:43.058839+00:00
2022-05-15T18:57:42.445737Z,3195316,0.66100000,0.16000000,sell,2022-05-15 18:57:42.445737+00:00
2022-05-15T18:56:46.148576Z,3195315,0.66000000,520.00000000,buy,2022-05-15 18:56:46.148576+00:00
2022-05-15T18:56:25.095645Z,3195314,0.66000000,0.60000000,buy,2022-05-15 18:56:25.095645+00:00
2022-05-15T18:55:57.637938Z,3195313,0.66200000,140.00000000,buy,2022-05-15 18:55:57.637938+00:00
2022-05-15T18:55:50.730639Z,3195312,0.66100000,0.48000000,buy,2022-05-15 18:55:50.730639+00:00
2022-05-15T18:55:47.650919Z,3195311,0.66200000,159.61000000,sell,2022-05-15 18:55:47.650919+00:00
2022-05-15T18:55:41.773953Z,3195310,0.66000000,99.95000000,buy,2022-05-15 18:55:41.773953+00:00
2022-05-15T18:55:41.773953Z,3195309,0.66000000,208.00000000,buy,2022-05-15 18:55:41.773953+00:00
2022-05-15T18:55:41.773953Z,3195308,0.66000000,344.45000000,buy,2022-05-15 18:55:41.773953+00:00
2022-05-15T18:55:35.978545Z,3195307,0.66000000,4.58000000,buy,2022-05-15 18:55:35.978545+00:00
2022-05-15T18:54:46.558272Z,3195306,0.66200000,15.82000000,sell,2022-05-15 18:54:46.558272+00:00
2022-05-15T18:54:11.224841Z,3195305,0.66000000,146.72000000,buy,2022-05-15 18:54:11.224841+00:00
2022-05-15T18:53:01.018714Z,3195304,0.66000000,24.25000000,buy,2022-05-15 18:53:01.018714+00:00
2022-05-15T18:52:51.808767Z,3195303,0.66100000,520.00000000,buy,2022-05-15 18:52:51.808767+00:00
2022-05-15T18:52:44.62526Z,3195302,0.66100000,343.50000000,sell,2022-05-15 18:52:44.625260+00:00
2022-05-15T18:52:44.62526Z,3195301,0.66100000,208.00000000,sell,2022-05-15 18:52:44.625260+00:00
2022-05-15T18:52:16.896597Z,3195300,0.65800000,272.76000000,buy,2022-05-15 18:52:16.896597+00:00
2022-05-15T18:52:16.896597Z,3195299,0.65900000,520.00000000,buy,2022-05-15 18:52:16.896597+00:00
2022-05-15T18:52:16.896597Z,3195298,0.65900000,208.00000000,buy,2022-05-15 18:52:16.896597+00:00
2022-05-15T18:51:49.875569Z,3195297,0.65900000,208.00000000,sell,2022-05-15 18:51:49.875569+00:00
2022-05-15T18:51:49.018565Z,3195296,0.65800000,208.00000000,sell,2022-05-15 18:51:49.018565+00:00
2022-05-15T18:51:46.677659Z,3195295,0.65800000,520.00000000,buy,2022-05-15 18:51:46.677659+00:00
2022-05-15T18:51:35.412843Z,3195294,0.66000000,1.49000000,sell,2022-05-15 18:51:35.412843+00:00
2022-05-15T18:49:45.417617Z,3195293,0.65900000,1.51000000,buy,2022-05-15 18:49:45.417617+00:00
2022-05-15T18:49:33.289162Z,3195292,0.65900000,151.94000000,buy,2022-05-15 18:49:33.289162+00:00
2022-05-15T18:49:33.289162Z,3195291,0.65900000,9.00000000,buy,2022-05-15 18:49:33.289162+00:00
2022-05-15T18:49:31.294706Z,3195290,0.66000000,562.78000000,buy,2022-05-15 18:49:31.294706+00:00
2022-05-15T18:49:31.294706Z,3195289,0.66100000,19.50000000,buy,2022-05-15 18:49:31.294706+00:00
2022-05-15T18:49:31.223606Z,3195288,0.66100000,110.00000000,sell,2022-05-15 18:49:31.223606+00:00
2022-05-15T18:49:31.223606Z,3195287,0.66100000,208.00000000,sell,2022-05-15 18:49:31.223606+00:00
2022-05-15T18:49:31.113973Z,3195286,0.66100000,520.00000000,buy,2022-05-15 18:49:31.113973+00:00
2022-05-15T18:49:17.334943Z,3195285,0.66200000,208.00000000,sell,2022-05-15 18:49:17.334943+00:00
2022-05-15T18:48:52.408737Z,3195284,0.66200000,520.00000000,buy,2022-05-15 18:48:52.408737+00:00
2022-05-15T18:48:48.82535Z,3195283,0.66300000,16.38000000,sell,2022-05-15 18:48:48.825350+00:00
2022-05-15T18:48:44.347019Z,3195282,0.66200000,1.38000000,buy,2022-05-15 18:48:44.347019+00:00
2022-05-15T18:47:53.356722Z,3195281,0.66200000,520.00000000,sell,2022-05-15 18:47:53.356722+00:00
2022-05-15T18:47:53.356722Z,3195280,0.66200000,208.00000000,sell,2022-05-15 18:47:53.356722+00:00
2022-05-15T18:47:43.471964Z,3195279,0.66300000,27.78000000,sell,2022-05-15 18:47:43.471964+00:00
2022-05-15T18:47:20.74321Z,3195278,0.66300000,14.99000000,sell,2022-05-15 18:47:20.743210+00:00
2022-05-15T18:47:17.717611Z,3195277,0.66200000,519.96000000,sell,2022-05-15 18:47:17.717611+00:00
2022-05-15T18:47:17.717611Z,3195276,0.66200000,206.44000000,sell,2022-05-15 18:47:17.717611+00:00
2022-05-15T18:47:15.943751Z,3195275,0.66200000,1.56000000,sell,2022-05-15 18:47:15.943751+00:00
2022-05-15T18:47:07.746183Z,3195274,0.66100000,520.00000000,sell,2022-05-15 18:47:07.746183+00:00
2022-05-15T18:47:07.709447Z,3195273,0.66100000,520.00000000,sell,2022-05-15 18:47:07.709447+00:00
2022-05-15T18:47:07.709447Z,3195272,0.66100000,208.00000000,sell,2022-05-15 18:47:07.709447+00:00
2022-05-15T18:46:36.417062Z,3195271,0.66200000,108.00000000,sell,2022-05-15 18:46:36.417062+00:00
2022-05-15T18:46:10.072491Z,3195270,0.66100000,130.00000000,sell,2022-05-15 18:46:10.072491+00:00
2022-05-15T18:46:10.072491Z,3195269,0.66100000,208.00000000,sell,2022-05-15 18:46:10.072491+00:00
2022-05-15T18:46:06.339126Z,3195268,0.66100000,520.00000000,buy,2022-05-15 18:46:06.339126+00:00
2022-05-15T18:45:45.315668Z,3195267,0.66100000,208.00000000,sell,2022-05-15 18:45:45.315668+00:00
2022-05-15T18:45:36.743221Z,3195266,0.66000000,100.00000000,sell,2022-05-15 18:45:36.743221+00:00
2022-05-15T18:45:10.190712Z,3195265,0.66300000,208.00000000,sell,2022-05-15 18:45:10.190712+00:00
2022-05-15T18:45:05.017533Z,3195264,0.66400000,520.00000000,buy,2022-05-15 18:45:05.017533+00:00
2022-05-15T18:45:02.150821Z,3195263,0.66500000,208.00000000,buy,2022-05-15 18:45:02.150821+00:00
2022-05-15T18:45:02.150821Z,3195262,0.66500000,140.00000000,buy,2022-05-15 18:45:02.150821+00:00
2022-05-15T18:44:38.772674Z,3195261,0.66000000,304.55000000,buy,2022-05-15 18:44:38.772674+00:00
2022-05-15T18:43:53.096746Z,3195260,0.65800000,7.97000000,buy,2022-05-15 18:43:53.096746+00:00
2022-05-15T18:42:54.559083Z,3195259,0.66000000,100.00000000,buy,2022-05-15 18:42:54.559083+00:00
2022-05-15T18:42:54.559083Z,3195258,0.66000000,500.00000000,buy,2022-05-15 18:42:54.559083+00:00
2022-05-15T18:42:54.559083Z,3195257,0.66000000,592.15000000,buy,2022-05-15 18:42:54.559083+00:00
2022-05-15T18:42:47.617664Z,3195256,0.66100000,370.07000000,buy,2022-05-15 18:42:47.617664+00:00
2022-05-15T18:42:47.240705Z,3195255,0.66200000,208.00000000,buy,2022-05-15 18:42:47.240705+00:00
2022-05-15T18:42:45.778644Z,3195254,0.66200000,208.00000000,sell,2022-05-15 18:42:45.778644+00:00
2022-05-15T18:42:39.440038Z,3195253,0.66200000,15.07000000,buy,2022-05-15 18:42:39.440038+00:00
2022-05-15T18:42:22.2419Z,3195252,0.66300000,868.00000000,buy,2022-05-15 18:42:22.241900+00:00
2022-05-15T18:42:19.77756Z,3195251,0.66200000,120.00000000,sell,2022-05-15 18:42:19.777560+00:00
2022-05-15T18:42:19.77756Z,3195250,0.66200000,208.00000000,sell,2022-05-15 18:42:19.777560+00:00
2022-05-15T18:42:07.11347Z,3195249,0.66600000,208.00000000,buy,2022-05-15 18:42:07.113470+00:00
2022-05-15T18:42:05.063742Z,3195248,0.66700000,208.00000000,buy,2022-05-15 18:42:05.063742+00:00
2022-05-15T18:42:01.019495Z,3195247,0.66400000,675.85000000,sell,2022-05-15 18:42:01.019495+00:00
2022-05-15T18:42:01.011583Z,3195246,0.66400000,3298.53000000,sell,2022-05-15 18:42:01.011583+00:00
2022-05-15T18:41:59.679617Z,3195245,0.66300000,14.11000000,buy,2022-05-15 18:41:59.679617+00:00
2022-05-15T18:41:56.022933Z,3195244,0.66400000,140.00000000,sell,2022-05-15 18:41:56.022933+00:00
2022-05-15T18:41:56.022933Z,3195243,0.66400000,208.00000000,sell,2022-05-15 18:41:56.022933+00:00
2022-05-15T18:41:55.438513Z,3195242,0.66400000,200.11000000,buy,2022-05-15 18:41:55.438513+00:00
2022-05-15T18:41:52.319963Z,3195241,0.66600000,361.70000000,buy,2022-05-15 18:41:52.319963+00:00
2022-05-15T18:41:52.319963Z,3195240,0.66600000,140.00000000,buy,2022-05-15 18:41:52.319963+00:00
2022-05-15T18:41:51.062113Z,3195239,0.66700000,3700.00000000,sell,2022-05-15 18:41:51.062113+00:00
2022-05-15T18:41:51.062113Z,3195238,0.66700000,100.00000000,sell,2022-05-15 18:41:51.062113+00:00
2022-05-15T18:41:42.666074Z,3195237,0.66200000,0.07000000,buy,2022-05-15 18:41:42.666074+00:00
2022-05-15T18:41:42.665263Z,3195236,0.66200000,698.90000000,buy,2022-05-15 18:41:42.665263+00:00
2022-05-15T18:41:42.65032Z,3195235,0.66200000,208.00000000,sell,2022-05-15 18:41:42.650320+00:00
2022-05-15T18:41:42.65032Z,3195234,0.66200000,583.94000000,sell,2022-05-15 18:41:42.650320+00:00
2022-05-15T18:41:42.65032Z,3195233,0.66200000,140.00000000,sell,2022-05-15 18:41:42.650320+00:00
2022-05-15T18:41:42.65032Z,3195232,0.66200000,520.00000000,sell,2022-05-15 18:41:42.650320+00:00
2022-05-15T18:41:42.65032Z,3195231,0.66100000,208.00000000,sell,2022-05-15 18:41:42.650320+00:00
2022-05-15T18:41:42.65032Z,3195230,0.66100000,140.00000000,sell,2022-05-15 18:41:42.650320+00:00
2022-05-15T18:41:42.65032Z,3195229,0.66100000,520.00000000,sell,2022-05-15 18:41:42.650320+00:00
2022-05-15T18:41:34.297969Z,3195228,0.66000000,519.99000000,buy,2022-05-15 18:41:34.297969+00:00
2022-05-15T18:41:27.592005Z,3195227,0.66200000,140.00000000,buy,2022-05-15 18:41:27.592005+00:00
2022-05-15T18:41:27.592005Z,3195226,0.66200000,208.00000000,buy,2022-05-15 18:41:27.592005+00:00
2022-05-15T18:41:26.897982Z,3195225,0.66200000,75.02000000,sell,2022-05-15 18:41:26.897982+00:00
2022-05-15T18:41:25.723752Z,3195224,0.66100000,0.87000000,sell,2022-05-15 18:41:25.723752+00:00
2022-05-15T18:41:13.713924Z,3195223,0.66000000,208.00000000,sell,2022-05-15 18:41:13.713924+00:00
2022-05-15T18:41:05.101787Z,3195222,0.65900000,208.00000000,buy,2022-05-15 18:41:05.101787+00:00
2022-05-15T18:41:04.161602Z,3195221,0.65900000,25.86000000,buy,2022-05-15 18:41:04.161602+00:00
2022-05-15T18:41:04.161602Z,3195220,0.65900000,208.00000000,buy,2022-05-15 18:41:04.161602+00:00
2022-05-15T18:41:03.845504Z,3195219,0.65900000,520.00000000,sell,2022-05-15 18:41:03.845504+00:00
2022-05-15T18:40:57.192112Z,3195218,0.65600000,0.63000000,sell,2022-05-15 18:40:57.192112+00:00
2022-05-15T18:40:27.140163Z,3195217,0.65600000,15.26000000,sell,2022-05-15 18:40:27.140163+00:00
2022-05-15T18:40:00.902406Z,3195216,0.65800000,12.90000000,sell,2022-05-15 18:40:00.902406+00:00
2022-05-15T18:39:36.05406Z,3195215,0.65600000,208.00000000,sell,2022-05-15 18:39:36.054060+00:00
2022-05-15T18:39:00.175929Z,3195214,0.65500000,0.29000000,buy,2022-05-15 18:39:00.175929+00:00
2022-05-15T18:38:46.779264Z,3195213,0.65600000,208.00000000,sell,2022-05-15 18:38:46.779264+00:00
2022-05-15T18:38:40.823756Z,3195212,0.65600000,19.50000000,buy,2022-05-15 18:38:40.823756+00:00
2022-05-15T18:38:40.823756Z,3195211,0.65600000,100.00000000,buy,2022-05-15 18:38:40.823756+00:00
2022-05-15T18:38:40.823756Z,3195210,0.65600000,500.00000000,buy,2022-05-15 18:38:40.823756+00:00
2022-05-15T18:38:40.823756Z,3195209,0.65600000,520.00000000,buy,2022-05-15 18:38:40.823756+00:00
2022-05-15T18:37:58.683862Z,3195208,0.65700000,91.37000000,buy,2022-05-15 18:37:58.683862+00:00
2022-05-15T18:37:58.683862Z,3195207,0.65700000,208.00000000,buy,2022-05-15 18:37:58.683862+00:00
2022-05-15T18:37:50.669571Z,3195206,0.65900000,81.52000000,sell,2022-05-15 18:37:50.669571+00:00
2022-05-15T18:37:32.307755Z,3195205,0.65900000,53.36000000,sell,2022-05-15 18:37:32.307755+00:00
2022-05-15T18:37:32.307755Z,3195204,0.65900000,158.53000000,sell,2022-05-15 18:37:32.307755+00:00
2022-05-15T18:37:32.145943Z,3195203,0.65900000,49.47000000,sell,2022-05-15 18:37:32.145943+00:00
2022-05-15T18:37:13.37222Z,3195202,0.65700000,0.80000000,buy,2022-05-15 18:37:13.372220+00:00
2022-05-15T18:37:05.534843Z,3195201,0.65700000,520.00000000,sell,2022-05-15 18:37:05.534843+00:00
2022-05-15T18:37:05.534843Z,3195200,0.65700000,208.00000000,sell,2022-05-15 18:37:05.534843+00:00
2022-05-15T18:37:03.379212Z,3195199,0.65500000,10.18000000,buy,2022-05-15 18:37:03.379212+00:00
2022-05-15T18:37:01.416713Z,3195198,0.65600000,553.62000000,sell,2022-05-15 18:37:01.416713+00:00
2022-05-15T18:37:01.416713Z,3195197,0.65600000,208.00000000,sell,2022-05-15 18:37:01.416713+00:00
2022-05-15T18:36:42.112184Z,3195196,0.65500000,258.02000000,buy,2022-05-15 18:36:42.112184+00:00
2022-05-15T18:36:42.033773Z,3195195,0.65600000,3800.00000000,buy,2022-05-15 18:36:42.033773+00:00
2022-05-15T18:36:41.928535Z,3195194,0.65700000,520.00000000,sell,2022-05-15 18:36:41.928535+00:00
2022-05-15T18:36:41.928535Z,3195193,0.65700000,208.00000000,sell,2022-05-15 18:36:41.928535+00:00
2022-05-15T18:36:41.885864Z,3195192,0.65700000,500.00000000,buy,2022-05-15 18:36:41.885864+00:00
2022-05-15T18:36:41.771395Z,3195191,0.65800000,19.50000000,buy,2022-05-15 18:36:41.771395+00:00
2022-05-15T18:36:41.771395Z,3195190,0.65800000,100.00000000,buy,2022-05-15 18:36:41.771395+00:00
2022-05-15T18:36:34.952127Z,3195189,0.65900000,140.00000000,buy,2022-05-15 18:36:34.952127+00:00
2022-05-15T18:36:34.908847Z,3195188,0.65900000,140.00000000,buy,2022-05-15 18:36:34.908847+00:00
2022-05-15T18:36:34.87373Z,3195187,0.65900000,140.00000000,buy,2022-05-15 18:36:34.873730+00:00
2022-05-15T18:36:34.842402Z,3195186,0.65900000,140.00000000,buy,2022-05-15 18:36:34.842402+00:00
2022-05-15T18:36:34.812147Z,3195185,0.65900000,140.00000000,buy,2022-05-15 18:36:34.812147+00:00
2022-05-15T18:36:34.776071Z,3195184,0.65900000,140.00000000,buy,2022-05-15 18:36:34.776071+00:00
2022-05-15T18:36:28.412279Z,3195183,0.65900000,140.00000000,buy,2022-05-15 18:36:28.412279+00:00
2022-05-15T18:36:20.630972Z,3195182,0.66000000,520.00000000,sell,2022-05-15 18:36:20.630972+00:00
2022-05-15T18:36:20.593313Z,3195181,0.66000000,520.00000000,sell,2022-05-15 18:36:20.593313+00:00
2022-05-15T18:36:20.481484Z,3195180,0.66000000,594.18000000,sell,2022-05-15 18:36:20.481484+00:00
2022-05-15T18:36:20.481484Z,3195179,0.66000000,208.00000000,sell,2022-05-15 18:36:20.481484+00:00
2022-05-15T18:36:20.481484Z,3195178,0.66000000,496.42000000,sell,2022-05-15 18:36:20.481484+00:00
2022-05-15T18:36:20.417439Z,3195177,0.65800000,208.00000000,sell,2022-05-15 18:36:20.417439+00:00
2022-05-15T18:36:20.417439Z,3195176,0.65800000,520.00000000,sell,2022-05-15 18:36:20.417439+00:00
2022-05-15T18:36:05.156838Z,3195175,0.66000000,23.58000000,sell,2022-05-15 18:36:05.156838+00:00
2022-05-15T18:35:57.988802Z,3195174,0.65900000,229.83000000,sell,2022-05-15 18:35:57.988802+00:00
2022-05-15T18:35:57.785638Z,3195173,0.65900000,165.13000000,sell,2022-05-15 18:35:57.785638+00:00
2022-05-15T18:35:57.20138Z,3195172,0.65900000,208.00000000,buy,2022-05-15 18:35:57.201380+00:00
2022-05-15T18:35:56.907594Z,3195171,0.65900000,100.00000000,sell,2022-05-15 18:35:56.907594+00:00
2022-05-15T18:35:56.773259Z,3195170,0.65800000,140.00000000,sell,2022-05-15 18:35:56.773259+00:00
2022-05-15T18:35:56.773259Z,3195169,0.65800000,208.00000000,sell,2022-05-15 18:35:56.773259+00:00
2022-05-15T18:35:56.773259Z,3195168,0.65800000,520.00000000,sell,2022-05-15 18:35:56.773259+00:00
2022-05-15T18:35:56.764631Z,3195167,0.65700000,208.00000000,sell,2022-05-15 18:35:56.764631+00:00
2022-05-15T18:35:56.764631Z,3195166,0.65700000,520.00000000,sell,2022-05-15 18:35:56.764631+00:00
2022-05-15T18:35:35.392953Z,3195165,0.65600000,0.06000000,buy,2022-05-15 18:35:35.392953+00:00
2022-05-15T18:35:35.375633Z,3195164,0.65600000,0.20000000,buy,2022-05-15 18:35:35.375633+00:00
2022-05-15T18:35:24.037456Z,3195163,0.65700000,832.92000000,buy,2022-05-15 18:35:24.037456+00:00
2022-05-15T18:35:24.037456Z,3195162,0.65700000,140.00000000,buy,2022-05-15 18:35:24.037456+00:00
2022-05-15T18:35:09.996162Z,3195161,0.65700000,208.00000000,buy,2022-05-15 18:35:09.996162+00:00
2022-05-15T18:35:08.296422Z,3195160,0.65700000,987.54000000,sell,2022-05-15 18:35:08.296422+00:00
2022-05-15T18:35:04.424255Z,3195159,0.65700000,200.00000000,sell,2022-05-15 18:35:04.424255+00:00
2022-05-15T18:35:03.917227Z,3195158,0.65600000,520.00000000,buy,2022-05-15 18:35:03.917227+00:00
2022-05-15T18:35:03.917227Z,3195157,0.65600000,208.00000000,buy,2022-05-15 18:35:03.917227+00:00
2022-05-15T18:35:03.53642Z,3195156,0.65700000,520.00000000,sell,2022-05-15 18:35:03.536420+00:00
2022-05-15T18:35:03.53642Z,3195155,0.65700000,100.00000000,sell,2022-05-15 18:35:03.536420+00:00
2022-05-15T18:35:03.473822Z,3195154,0.65600000,520.00000000,sell,2022-05-15 18:35:03.473822+00:00
2022-05-15T18:35:03.427888Z,3195153,0.65600000,520.00000000,sell,2022-05-15 18:35:03.427888+00:00
2022-05-15T18:35:03.397651Z,3195152,0.65600000,140.00000000,sell,2022-05-15 18:35:03.397651+00:00
2022-05-15T18:35:03.382942Z,3195151,0.65500000,208.00000000,sell,2022-05-15 18:35:03.382942+00:00
2022-05-15T18:35:03.382942Z,3195150,0.65500000,520.00000000,sell,2022-05-15 18:35:03.382942+00:00
2022-05-15T18:35:01.440568Z,3195149,0.65400000,208.00000000,buy,2022-05-15 18:35:01.440568+00:00
2022-05-15T18:34:55.775882Z,3195148,0.65400000,208.00000000,sell,2022-05-15 18:34:55.775882+00:00
2022-05-15T18:34:55.775882Z,3195147,0.65400000,520.00000000,sell,2022-05-15 18:34:55.775882+00:00
2022-05-15T18:34:49.493324Z,3195146,0.65400000,140.00000000,buy,2022-05-15 18:34:49.493324+00:00
2022-05-15T18:34:48.974337Z,3195145,0.65600000,431.00000000,sell,2022-05-15 18:34:48.974337+00:00
2022-05-15T18:34:48.765995Z,3195144,0.65600000,185.94000000,sell,2022-05-15 18:34:48.765995+00:00
2022-05-15T18:34:46.407694Z,3195143,0.65600000,30.31000000,sell,2022-05-15 18:34:46.407694+00:00
2022-05-15T18:34:46.407694Z,3195142,0.65600000,520.00000000,sell,2022-05-15 18:34:46.407694+00:00
2022-05-15T18:34:45.977591Z,3195141,0.65600000,140.00000000,sell,2022-05-15 18:34:45.977591+00:00
2022-05-15T18:34:45.93501Z,3195140,0.65600000,100.00000000,sell,2022-05-15 18:34:45.935010+00:00
2022-05-15T18:34:45.493129Z,3195139,0.65600000,113.57000000,sell,2022-05-15 18:34:45.493129+00:00
2022-05-15T18:34:45.493129Z,3195138,0.65600000,208.00000000,sell,2022-05-15 18:34:45.493129+00:00
2022-05-15T18:34:45.493129Z,3195137,0.65600000,140.00000000,sell,2022-05-15 18:34:45.493129+00:00
2022-05-15T18:34:45.237579Z,3195136,0.65400000,246.87000000,buy,2022-05-15 18:34:45.237579+00:00
2022-05-15T18:34:45.237579Z,3195135,0.65400000,208.00000000,buy,2022-05-15 18:34:45.237579+00:00
2022-05-15T18:34:44.791026Z,3195134,0.65500000,520.00000000,buy,2022-05-15 18:34:44.791026+00:00
2022-05-15T18:34:44.732042Z,3195133,0.65500000,208.00000000,buy,2022-05-15 18:34:44.732042+00:00
2022-05-15T18:34:44.732042Z,3195132,0.65500000,520.00000000,buy,2022-05-15 18:34:44.732042+00:00
2022-05-15T18:34:44.472305Z,3195131,0.65500000,208.00000000,buy,2022-05-15 18:34:44.472305+00:00
2022-05-15T18:34:44.464912Z,3195130,0.65500000,520.00000000,buy,2022-05-15 18:34:44.464912+00:00
2022-05-15T18:34:44.446118Z,3195129,0.65500000,208.00000000,buy,2022-05-15 18:34:44.446118+00:00
2022-05-15T18:34:44.40904Z,3195128,0.65400000,14.95000000,buy,2022-05-15 18:34:44.409040+00:00
2022-05-15T18:34:44.40904Z,3195127,0.65400000,208.00000000,buy,2022-05-15 18:34:44.409040+00:00
2022-05-15T18:34:44.309497Z,3195126,0.65500000,140.00000000,sell,2022-05-15 18:34:44.309497+00:00
2022-05-15T18:34:44.268803Z,3195125,0.65500000,140.00000000,sell,2022-05-15 18:34:44.268803+00:00
2022-05-15T18:34:44.268803Z,3195124,0.65500000,293.70000000,sell,2022-05-15 18:34:44.268803+00:00
2022-05-15T18:34:44.268803Z,3195123,0.65500000,270.97000000,sell,2022-05-15 18:34:44.268803+00:00
2022-05-15T18:34:44.239536Z,3195122,0.65400000,3000.00000000,sell,2022-05-15 18:34:44.239536+00:00
2022-05-15T18:34:44.200515Z,3195121,0.65300000,100.00000000,sell,2022-05-15 18:34:44.200515+00:00
2022-05-15T18:34:44.200515Z,3195120,0.65300000,500.00000000,sell,2022-05-15 18:34:44.200515+00:00
2022-05-15T18:34:44.172891Z,3195119,0.65200000,520.00000000,sell,2022-05-15 18:34:44.172891+00:00
2022-05-15T18:34:44.172891Z,3195118,0.65200000,208.00000000,sell,2022-05-15 18:34:44.172891+00:00
2022-05-15T18:34:21.156969Z,3195117,0.64800000,618.03000000,sell,2022-05-15 18:34:21.156969+00:00
2022-05-15T18:34:11.086775Z,3195116,0.64700000,623.61000000,sell,2022-05-15 18:34:11.086775+00:00
2022-05-15T18:33:59.002434Z,3195115,0.64600000,3.15000000,buy,2022-05-15 18:33:59.002434+00:00
2022-05-15T18:33:54.236405Z,3195114,0.64700000,75.82000000,sell,2022-05-15 18:33:54.236405+00:00
2022-05-15T18:32:52.465787Z,3195113,0.64600000,36.21000000,sell,2022-05-15 18:32:52.465787+00:00
2022-05-15T18:32:22.513022Z,3195112,0.64600000,208.00000000,buy,2022-05-15 18:32:22.513022+00:00
2022-05-15T18:32:22.513022Z,3195111,0.64600000,520.00000000,buy,2022-05-15 18:32:22.513022+00:00
2022-05-15T18:32:07.939739Z,3195110,0.64600000,847.10000000,buy,2022-05-15 18:32:07.939739+00:00
2022-05-15T18:32:07.896895Z,3195109,0.64500000,8102.45000000,buy,2022-05-15 18:32:07.896895+00:00
2022-05-15T18:32:07.896895Z,3195108,0.64500000,500.00000000,buy,2022-05-15 18:32:07.896895+00:00
2022-05-15T18:32:07.896895Z,3195107,0.64500000,140.00000000,buy,2022-05-15 18:32:07.896895+00:00
2022-05-15T18:32:07.896895Z,3195106,0.64500000,612.61000000,buy,2022-05-15 18:32:07.896895+00:00
2022-05-15T18:32:07.896895Z,3195105,0.64600000,571.93000000,buy,2022-05-15 18:32:07.896895+00:00
2022-05-15T18:32:07.896895Z,3195104,0.64600000,100.00000000,buy,2022-05-15 18:32:07.896895+00:00
2022-05-15T18:32:07.896895Z,3195103,0.64600000,140.00000000,buy,2022-05-15 18:32:07.896895+00:00
2022-05-15T18:32:07.896895Z,3195102,0.64600000,520.00000000,buy,2022-05-15 18:32:07.896895+00:00
2022-05-15T18:32:07.896895Z,3195101,0.64700000,520.00000000,buy,2022-05-15 18:32:07.896895+00:00
2022-05-15T18:31:33.850322Z,3195100,0.64900000,7.54000000,sell,2022-05-15 18:31:33.850322+00:00
2022-05-15T18:30:34.030694Z,3195099,0.64800000,28.42000000,sell,2022-05-15 18:30:34.030694+00:00
2022-05-15T18:30:18.17616Z,3195098,0.64600000,3209.39000000,buy,2022-05-15 18:30:18.176160+00:00
2022-05-15T18:30:18.17616Z,3195097,0.64600000,566.00000000,buy,2022-05-15 18:30:18.176160+00:00
2022-05-15T18:30:18.17616Z,3195096,0.64600000,208.00000000,buy,2022-05-15 18:30:18.176160+00:00
2022-05-15T18:30:18.17616Z,3195095,0.64600000,140.00000000,buy,2022-05-15 18:30:18.176160+00:00
2022-05-15T18:30:18.17616Z,3195094,0.64700000,845.79000000,buy,2022-05-15 18:30:18.176160+00:00
2022-05-15T18:30:00.861581Z,3195093,0.64700000,520.00000000,sell,2022-05-15 18:30:00.861581+00:00
2022-05-15T18:30:00.861581Z,3195092,0.64700000,208.00000000,sell,2022-05-15 18:30:00.861581+00:00
2022-05-15T18:28:50.599323Z,3195091,0.64900000,208.00000000,buy,2022-05-15 18:28:50.599323+00:00
2022-05-15T18:28:45.126277Z,3195090,0.64900000,520.00000000,sell,2022-05-15 18:28:45.126277+00:00
2022-05-15T18:28:27.096768Z,3195089,0.64800000,576.70000000,buy,2022-05-15 18:28:27.096768+00:00
2022-05-15T18:28:23.590224Z,3195088,0.64800000,44.49000000,buy,2022-05-15 18:28:23.590224+00:00
2022-05-15T18:27:08.229137Z,3195087,0.64700000,94.98000000,sell,2022-05-15 18:27:08.229137+00:00
2022-05-15T18:27:08.229137Z,3195086,0.64700000,208.00000000,sell,2022-05-15 18:27:08.229137+00:00
2022-05-15T18:27:06.907415Z,3195085,0.64700000,192.60000000,buy,2022-05-15 18:27:06.907415+00:00
2022-05-15T18:27:00.523881Z,3195084,0.64700000,15.40000000,buy,2022-05-15 18:27:00.523881+00:00
2022-05-15T18:26:58.429065Z,3195083,0.64700000,139.98000000,sell,2022-05-15 18:26:58.429065+00:00
2022-05-15T18:26:58.429065Z,3195082,0.64700000,520.00000000,sell,2022-05-15 18:26:58.429065+00:00
2022-05-15T18:26:58.429065Z,3195081,0.64700000,60.12000000,sell,2022-05-15 18:26:58.429065+00:00
2022-05-15T18:26:47.660943Z,3195080,0.64700000,147.88000000,sell,2022-05-15 18:26:47.660943+00:00
2022-05-15T18:25:59.701177Z,3195079,0.64700000,208.00000000,buy,2022-05-15 18:25:59.701177+00:00
2022-05-15T18:25:36.632427Z,3195078,0.64700000,520.00000000,buy,2022-05-15 18:25:36.632427+00:00
2022-05-15T18:25:25.919238Z,3195077,0.64900000,519.94000000,sell,2022-05-15 18:25:25.919238+00:00
2022-05-15T18:25:25.919238Z,3195076,0.64900000,19.50000000,sell,2022-05-15 18:25:25.919238+00:00
2022-05-15T18:25:25.919238Z,3195075,0.64900000,582.26000000,sell,2022-05-15 18:25:25.919238+00:00
2022-05-15T18:24:43.68636Z,3195074,0.64500000,3.06000000,buy,2022-05-15 18:24:43.686360+00:00
2022-05-15T18:24:09.32922Z,3195073,0.64600000,3.71000000,sell,2022-05-15 18:24:09.329220+00:00
2022-05-15T18:24:00.987822Z,3195072,0.64500000,208.00000000,buy,2022-05-15 18:24:00.987822+00:00
2022-05-15T18:23:48.691199Z,3195071,0.64600000,9.29000000,sell,2022-05-15 18:23:48.691199+00:00
2022-05-15T18:22:47.248287Z,3195070,0.64700000,140.00000000,buy,2022-05-15 18:22:47.248287+00:00
2022-05-15T18:21:57.304958Z,3195069,0.64700000,51.73000000,buy,2022-05-15 18:21:57.304958+00:00
2022-05-15T18:21:57.304958Z,3195068,0.64700000,140.00000000,buy,2022-05-15 18:21:57.304958+00:00
2022-05-15T18:19:36.371814Z,3195067,0.64700000,0.63000000,buy,2022-05-15 18:19:36.371814+00:00
2022-05-15T18:19:22.224913Z,3195066,0.64800000,575.73000000,buy,2022-05-15 18:19:22.224913+00:00
2022-05-15T18:19:03.931546Z,3195065,0.64900000,10.38000000,buy,2022-05-15 18:19:03.931546+00:00
2022-05-15T18:19:00.662963Z,3195064,0.65000000,2.01000000,sell,2022-05-15 18:19:00.662963+00:00
2022-05-15T18:18:58.362353Z,3195063,0.65000000,208.00000000,buy,2022-05-15 18:18:58.362353+00:00
2022-05-15T18:18:50.969488Z,3195062,0.65000000,38.47000000,sell,2022-05-15 18:18:50.969488+00:00
2022-05-15T18:18:13.461922Z,3195061,0.64900000,312.00000000,sell,2022-05-15 18:18:13.461922+00:00
2022-05-15T18:18:13.461922Z,3195060,0.64900000,208.00000000,sell,2022-05-15 18:18:13.461922+00:00
2022-05-15T18:17:14.215997Z,3195059,0.64900000,520.00000000,buy,2022-05-15 18:17:14.215997+00:00
2022-05-15T18:17:14.046117Z,3195058,0.64900000,520.00000000,buy,2022-05-15 18:17:14.046117+00:00
2022-05-15T18:17:13.696803Z,3195057,0.65000000,447.80000000,buy,2022-05-15 18:17:13.696803+00:00
2022-05-15T18:16:54.051631Z,3195056,0.65000000,72.18000000,buy,2022-05-15 18:16:54.051631+00:00
2022-05-15T18:16:45.069769Z,3195055,0.65100000,520.00000000,buy,2022-05-15 18:16:45.069769+00:00
2022-05-15T18:16:45.069769Z,3195054,0.65100000,208.00000000,buy,2022-05-15 18:16:45.069769+00:00
2022-05-15T18:16:40.537942Z,3195053,0.65200000,199.77000000,sell,2022-05-15 18:16:40.537942+00:00
2022-05-15T18:16:40.537942Z,3195052,0.65200000,520.00000000,sell,2022-05-15 18:16:40.537942+00:00
2022-05-15T18:16:38.389735Z,3195051,0.65100000,19.50000000,sell,2022-05-15 18:16:38.389735+00:00
2022-05-15T18:16:38.389735Z,3195050,0.65100000,500.00000000,sell,2022-05-15 18:16:38.389735+00:00
2022-05-15T18:16:38.318557Z,3195049,0.65000000,100.00000000,sell,2022-05-15 18:16:38.318557+00:00
2022-05-15T18:16:38.017609Z,3195048,0.64900000,19.50000000,sell,2022-05-15 18:16:38.017609+00:00
2022-05-15T18:16:37.94038Z,3195047,0.64900000,2618.83000000,sell,2022-05-15 18:16:37.940380+00:00
2022-05-15T18:16:22.532385Z,3195046,0.64800000,95.48000000,sell,2022-05-15 18:16:22.532385+00:00
2022-05-15T18:15:42.010739Z,3195045,0.64700000,47.64000000,buy,2022-05-15 18:15:42.010739+00:00
2022-05-15T18:15:20.876696Z,3195044,0.64900000,153.32000000,sell,2022-05-15 18:15:20.876696+00:00
2022-05-15T18:14:36.338971Z,3195043,0.64600000,192.00000000,buy,2022-05-15 18:14:36.338971+00:00
2022-05-15T18:14:27.325557Z,3195042,0.64600000,326.19000000,buy,2022-05-15 18:14:27.325557+00:00
2022-05-15T18:14:11.425262Z,3195041,0.64700000,520.00000000,buy,2022-05-15 18:14:11.425262+00:00
2022-05-15T18:14:06.320265Z,3195040,0.64800000,723.40000000,sell,2022-05-15 18:14:06.320265+00:00
2022-05-15T18:14:06.293874Z,3195039,0.64800000,100.00000000,sell,2022-05-15 18:14:06.293874+00:00
2022-05-15T18:14:06.198125Z,3195038,0.64700000,140.00000000,sell,2022-05-15 18:14:06.198125+00:00
2022-05-15T18:13:28.943531Z,3195037,0.64500000,520.00000000,buy,2022-05-15 18:13:28.943531+00:00
2022-05-15T18:13:24.647072Z,3195036,0.64600000,208.00000000,buy,2022-05-15 18:13:24.647072+00:00
2022-05-15T18:13:17.816384Z,3195035,0.64600000,100.00000000,sell,2022-05-15 18:13:17.816384+00:00
2022-05-15T18:13:14.634001Z,3195034,0.64500000,15.40000000,sell,2022-05-15 18:13:14.634001+00:00
2022-05-15T18:13:02.52416Z,3195033,0.64400000,488.89000000,buy,2022-05-15 18:13:02.524160+00:00
2022-05-15T18:13:02.52416Z,3195032,0.64400000,11.11000000,buy,2022-05-15 18:13:02.524160+00:00
2022-05-15T18:13:02.520114Z,3195031,0.64400000,196.89000000,buy,2022-05-15 18:13:02.520114+00:00
2022-05-15T18:12:50.290161Z,3195030,0.64500000,1.55000000,buy,2022-05-15 18:12:50.290161+00:00
2022-05-15T18:12:36.503365Z,3195029,0.64500000,208.00000000,buy,2022-05-15 18:12:36.503365+00:00
2022-05-15T18:12:29.05542Z,3195028,0.64500000,5.47000000,sell,2022-05-15 18:12:29.055420+00:00
2022-05-15T18:12:29.05542Z,3195027,0.64500000,208.00000000,sell,2022-05-15 18:12:29.055420+00:00
2022-05-15T18:12:29.05542Z,3195026,0.64400000,520.00000000,sell,2022-05-15 18:12:29.055420+00:00
2022-05-15T18:12:29.05542Z,3195025,0.64400000,208.00000000,sell,2022-05-15 18:12:29.055420+00:00
2022-05-15T18:12:06.662157Z,3195024,0.64500000,65.30000000,buy,2022-05-15 18:12:06.662157+00:00
2022-05-15T18:12:06.662157Z,3195023,0.64500000,208.00000000,buy,2022-05-15 18:12:06.662157+00:00
2022-05-15T18:11:22.797145Z,3195022,0.64700000,0.04000000,buy,2022-05-15 18:11:22.797145+00:00
2022-05-15T18:11:22.779799Z,3195021,0.64700000,0.15000000,buy,2022-05-15 18:11:22.779799+00:00
2022-05-15T18:11:22.779799Z,3195020,0.64700000,208.00000000,buy,2022-05-15 18:11:22.779799+00:00
2022-05-15T18:11:22.779799Z,3195019,0.64700000,418.55000000,buy,2022-05-15 18:11:22.779799+00:00
2022-05-15T18:10:50.964546Z,3195018,0.64700000,100.62000000,buy,2022-05-15 18:10:50.964546+00:00
2022-05-15T18:10:37.974421Z,3195017,0.64700000,0.83000000,buy,2022-05-15 18:10:37.974421+00:00
2022-05-15T18:10:25.634772Z,3195016,0.64700000,206.48000000,buy,2022-05-15 18:10:25.634772+00:00
2022-05-15T18:08:50.941399Z,3195015,0.64600000,8.00000000,buy,2022-05-15 18:08:50.941399+00:00
2022-05-15T18:08:41.513873Z,3195014,0.64700000,0.18000000,sell,2022-05-15 18:08:41.513873+00:00
2022-05-15T18:08:06.161736Z,3195013,0.64800000,595.88000000,sell,2022-05-15 18:08:06.161736+00:00
2022-05-15T18:07:44.669905Z,3195012,0.64700000,200.00000000,buy,2022-05-15 18:07:44.669905+00:00
2022-05-15T18:07:43.675547Z,3195011,0.64700000,192.01000000,buy,2022-05-15 18:07:43.675547+00:00
2022-05-15T18:07:43.675547Z,3195010,0.64700000,7.99000000,buy,2022-05-15 18:07:43.675547+00:00
2022-05-15T18:07:41.670451Z,3195009,0.64700000,200.01000000,buy,2022-05-15 18:07:41.670451+00:00
2022-05-15T18:07:26.966981Z,3195008,0.64800000,208.00000000,buy,2022-05-15 18:07:26.966981+00:00
2022-05-15T18:07:24.456259Z,3195007,0.64700000,208.00000000,buy,2022-05-15 18:07:24.456259+00:00
2022-05-15T18:07:11.05392Z,3195006,0.64700000,520.00000000,sell,2022-05-15 18:07:11.053920+00:00
2022-05-15T18:07:11.05392Z,3195005,0.64700000,208.00000000,sell,2022-05-15 18:07:11.053920+00:00
2022-05-15T18:06:35.760826Z,3195004,0.64700000,0.77000000,buy,2022-05-15 18:06:35.760826+00:00
2022-05-15T18:06:34.819548Z,3195003,0.64700000,44.18000000,buy,2022-05-15 18:06:34.819548+00:00
2022-05-15T18:06:34.819548Z,3195002,0.64700000,100.00000000,buy,2022-05-15 18:06:34.819548+00:00
2022-05-15T18:06:34.819548Z,3195001,0.64700000,208.00000000,buy,2022-05-15 18:06:34.819548+00:00
2022-05-15T18:06:25.112229Z,3195000,0.64600000,200.01000000,buy,2022-05-15 18:06:25.112229+00:00
2022-05-15T18:06:19.086821Z,3194999,0.64600000,605.06000000,buy,2022-05-15 18:06:19.086821+00:00
2022-05-15T18:06:19.086821Z,3194998,0.64600000,100.00000000,buy,2022-05-15 18:06:19.086821+00:00
2022-05-15T18:06:19.086821Z,3194997,0.64600000,140.00000000,buy,2022-05-15 18:06:19.086821+00:00
2022-05-15T18:06:18.976153Z,3194996,0.64700000,519.91000000,buy,2022-05-15 18:06:18.976153+00:00
2022-05-15T18:05:25.776622Z,3194995,0.64700000,0.09000000,buy,2022-05-15 18:05:25.776622+00:00
2022-05-15T18:05:25.776622Z,3194994,0.64700000,208.00000000,buy,2022-05-15 18:05:25.776622+00:00
2022-05-15T18:04:56.029298Z,3194993,0.64800000,520.00000000,buy,2022-05-15 18:04:56.029298+00:00
2022-05-15T18:04:56.029298Z,3194992,0.64800000,208.00000000,buy,2022-05-15 18:04:56.029298+00:00
2022-05-15T18:04:53.413905Z,3194991,0.64900000,207.94000000,buy,2022-05-15 18:04:53.413905+00:00
2022-05-15T18:04:53.413905Z,3194990,0.64900000,614.26000000,buy,2022-05-15 18:04:53.413905+00:00
2022-05-15T18:04:07.303845Z,3194989,0.64800000,130.00000000,buy,2022-05-15 18:04:07.303845+00:00
2022-05-15T18:04:07.303845Z,3194988,0.64800000,208.00000000,buy,2022-05-15 18:04:07.303845+00:00
2022-05-15T18:04:04.063387Z,3194987,0.64800000,140.00000000,buy,2022-05-15 18:04:04.063387+00:00
2022-05-15T18:02:48.446625Z,3194986,0.64500000,208.00000000,buy,2022-05-15 18:02:48.446625+00:00
2022-05-15T18:02:44.661215Z,3194985,0.64500000,201.80000000,buy,2022-05-15 18:02:44.661215+00:00
2022-05-15T18:02:44.473152Z,3194984,0.64500000,69.67000000,buy,2022-05-15 18:02:44.473152+00:00
2022-05-15T18:02:44.473152Z,3194983,0.64500000,130.00000000,buy,2022-05-15 18:02:44.473152+00:00
2022-05-15T18:02:40.20362Z,3194982,0.64400000,186.19000000,buy,2022-05-15 18:02:40.203620+00:00
2022-05-15T18:02:39.189052Z,3194981,0.64500000,208.00000000,buy,2022-05-15 18:02:39.189052+00:00
2022-05-15T18:01:44.305207Z,3194980,0.64800000,208.00000000,buy,2022-05-15 18:01:44.305207+00:00
2022-05-15T18:01:40.484086Z,3194979,0.65000000,151.49000000,sell,2022-05-15 18:01:40.484086+00:00
2022-05-15T18:00:52.435535Z,3194978,0.64700000,228.20000000,buy,2022-05-15 18:00:52.435535+00:00
2022-05-15T18:00:52.146447Z,3194977,0.64700000,208.00000000,buy,2022-05-15 18:00:52.146447+00:00
2022-05-15T18:00:52.091426Z,3194976,0.64900000,3078.17000000,sell,2022-05-15 18:00:52.091426+00:00
2022-05-15T18:00:52.091426Z,3194975,0.64900000,622.18000000,sell,2022-05-15 18:00:52.091426+00:00
2022-05-15T18:00:52.091426Z,3194974,0.64900000,208.00000000,sell,2022-05-15 18:00:52.091426+00:00
2022-05-15T18:00:52.091426Z,3194973,0.64900000,140.00000000,sell,2022-05-15 18:00:52.091426+00:00
2022-05-15T18:00:52.091426Z,3194972,0.64800000,100.00000000,sell,2022-05-15 18:00:52.091426+00:00
2022-05-15T18:00:52.091426Z,3194971,0.64800000,100.00000000,sell,2022-05-15 18:00:52.091426+00:00
2022-05-15T18:00:52.091426Z,3194970,0.64800000,3800.00000000,sell,2022-05-15 18:00:52.091426+00:00
2022-05-15T18:00:52.091426Z,3194969,0.64800000,840.89000000,sell,2022-05-15 18:00:52.091426+00:00
2022-05-15T18:00:52.091426Z,3194968,0.64800000,581.75000000,sell,2022-05-15 18:00:52.091426+00:00
2022-05-15T18:00:52.091426Z,3194967,0.64800000,520.00000000,sell,2022-05-15 18:00:52.091426+00:00
2022-05-15T18:00:52.091426Z,3194966,0.64800000,208.00000000,sell,2022-05-15 18:00:52.091426+00:00
2022-05-15T18:00:52.091426Z,3194965,0.64800000,140.00000000,sell,2022-05-15 18:00:52.091426+00:00
2022-05-15T18:00:52.091426Z,3194964,0.64700000,140.00000000,sell,2022-05-15 18:00:52.091426+00:00
2022-05-15T18:00:52.091426Z,3194963,0.64700000,520.00000000,sell,2022-05-15 18:00:52.091426+00:00
2022-05-15T18:00:52.091426Z,3194962,0.64700000,208.00000000,sell,2022-05-15 18:00:52.091426+00:00
2022-05-15T18:00:13.609287Z,3194961,0.64700000,520.00000000,buy,2022-05-15 18:00:13.609287+00:00
2022-05-15T18:00:13.609287Z,3194960,0.64700000,208.00000000,buy,2022-05-15 18:00:13.609287+00:00
2022-05-15T18:00:04.527297Z,3194959,0.64900000,370.92000000,sell,2022-05-15 18:00:04.527297+00:00
2022-05-15T18:00:04.527297Z,3194958,0.64900000,100.00000000,sell,2022-05-15 18:00:04.527297+00:00
2022-05-15T18:00:04.527297Z,3194957,0.64900000,140.00000000,sell,2022-05-15 18:00:04.527297+00:00
2022-05-15T18:00:04.527297Z,3194956,0.64900000,146.54000000,sell,2022-05-15 18:00:04.527297+00:00
2022-05-15T18:00:04.527297Z,3194955,0.64800000,615.72000000,sell,2022-05-15 18:00:04.527297+00:00
2022-05-15T18:00:04.527297Z,3194954,0.64800000,5486.40000000,sell,2022-05-15 18:00:04.527297+00:00
2022-05-15T18:00:04.527297Z,3194953,0.64800000,208.00000000,sell,2022-05-15 18:00:04.527297+00:00
2022-05-15T18:00:04.527297Z,3194952,0.64800000,140.00000000,sell,2022-05-15 18:00:04.527297+00:00
2022-05-15T18:00:04.527297Z,3194951,0.64800000,520.00000000,sell,2022-05-15 18:00:04.527297+00:00
2022-05-15T18:00:04.527297Z,3194950,0.64700000,208.00000000,sell,2022-05-15 18:00:04.527297+00:00
2022-05-15T18:00:04.527297Z,3194949,0.64700000,520.00000000,sell,2022-05-15 18:00:04.527297+00:00
2022-05-15T17:59:44.546545Z,3194948,0.64600000,519.99000000,buy,2022-05-15 17:59:44.546545+00:00
2022-05-15T17:59:44.546545Z,3194947,0.64600000,79.41000000,buy,2022-05-15 17:59:44.546545+00:00
2022-05-15T17:59:14.873146Z,3194946,0.64600000,128.59000000,buy,2022-05-15 17:59:14.873146+00:00
2022-05-15T17:57:51.630741Z,3194945,0.64700000,130.00000000,buy,2022-05-15 17:57:51.630741+00:00
2022-05-15T17:57:51.630741Z,3194944,0.64700000,520.00000000,buy,2022-05-15 17:57:51.630741+00:00
2022-05-15T17:56:13.917847Z,3194943,0.64900000,61.46000000,sell,2022-05-15 17:56:13.917847+00:00
2022-05-15T17:56:13.917847Z,3194942,0.64800000,19.50000000,sell,2022-05-15 17:56:13.917847+00:00
2022-05-15T17:56:13.917847Z,3194941,0.64800000,520.00000000,sell,2022-05-15 17:56:13.917847+00:00
2022-05-15T17:56:13.917847Z,3194940,0.64800000,563.86000000,sell,2022-05-15 17:56:13.917847+00:00
2022-05-15T17:56:13.917847Z,3194939,0.64800000,140.00000000,sell,2022-05-15 17:56:13.917847+00:00
2022-05-15T17:56:13.917847Z,3194938,0.64800000,208.00000000,sell,2022-05-15 17:56:13.917847+00:00
2022-05-15T17:55:33.730956Z,3194937,0.64700000,520.00000000,sell,2022-05-15 17:55:33.730956+00:00
2022-05-15T17:55:33.730956Z,3194936,0.64700000,208.00000000,sell,2022-05-15 17:55:33.730956+00:00
2022-05-15T17:55:20.270159Z,3194935,0.64700000,120.00000000,buy,2022-05-15 17:55:20.270159+00:00
2022-05-15T17:55:20.151828Z,3194934,0.64700000,208.00000000,sell,2022-05-15 17:55:20.151828+00:00
2022-05-15T17:55:20.151828Z,3194933,0.64700000,520.00000000,sell,2022-05-15 17:55:20.151828+00:00
2022-05-15T17:55:19.846506Z,3194932,0.64600000,140.00000000,sell,2022-05-15 17:55:19.846506+00:00
2022-05-15T17:55:19.846506Z,3194931,0.64600000,208.00000000,sell,2022-05-15 17:55:19.846506+00:00
2022-05-15T17:55:17.367441Z,3194930,0.64400000,28.18000000,buy,2022-05-15 17:55:17.367441+00:00
2022-05-15T17:55:17.367441Z,3194929,0.64400000,8.84000000,buy,2022-05-15 17:55:17.367441+00:00
2022-05-15T17:55:17.288963Z,3194928,0.64400000,0.57000000,buy,2022-05-15 17:55:17.288963+00:00
2022-05-15T17:55:13.356674Z,3194927,0.64500000,208.00000000,sell,2022-05-15 17:55:13.356674+00:00
2022-05-15T17:55:13.210635Z,3194926,0.64400000,198.59000000,buy,2022-05-15 17:55:13.210635+00:00
2022-05-15T17:55:12.328136Z,3194925,0.64600000,289.45000000,sell,2022-05-15 17:55:12.328136+00:00
2022-05-15T17:55:12.328136Z,3194924,0.64600000,208.00000000,sell,2022-05-15 17:55:12.328136+00:00
2022-05-15T17:55:11.978641Z,3194923,0.64600000,0.03000000,buy,2022-05-15 17:55:11.978641+00:00
2022-05-15T17:55:11.977651Z,3194922,0.64600000,38.30000000,buy,2022-05-15 17:55:11.977651+00:00
2022-05-15T17:55:11.912776Z,3194921,0.64600000,3872.88000000,buy,2022-05-15 17:55:11.912776+00:00
2022-05-15T17:55:11.850618Z,3194920,0.64600000,160.00000000,buy,2022-05-15 17:55:11.850618+00:00
2022-05-15T17:55:11.850618Z,3194919,0.64600000,103.23000000,buy,2022-05-15 17:55:11.850618+00:00
2022-05-15T17:55:11.850618Z,3194918,0.64600000,3000.00000000,buy,2022-05-15 17:55:11.850618+00:00
2022-05-15T17:55:11.836554Z,3194917,0.64700000,3800.00000000,buy,2022-05-15 17:55:11.836554+00:00
2022-05-15T17:55:11.836554Z,3194916,0.64700000,75.02000000,buy,2022-05-15 17:55:11.836554+00:00
2022-05-15T17:55:11.793143Z,3194915,0.64800000,500.00000000,buy,2022-05-15 17:55:11.793143+00:00
2022-05-15T17:55:11.793143Z,3194914,0.64800000,520.00000000,buy,2022-05-15 17:55:11.793143+00:00
2022-05-15T17:55:11.778718Z,3194913,0.64900000,100.00000000,buy,2022-05-15 17:55:11.778718+00:00
2022-05-15T17:55:11.774243Z,3194912,0.65000000,520.00000000,buy,2022-05-15 17:55:11.774243+00:00
2022-05-15T17:54:36.557914Z,3194911,0.65100000,191.19000000,sell,2022-05-15 17:54:36.557914+00:00
2022-05-15T17:54:05.324065Z,3194910,0.64900000,21.95000000,buy,2022-05-15 17:54:05.324065+00:00
2022-05-15T17:54:05.324065Z,3194909,0.64900000,100.00000000,buy,2022-05-15 17:54:05.324065+00:00
2022-05-15T17:54:05.324065Z,3194908,0.64900000,520.00000000,buy,2022-05-15 17:54:05.324065+00:00
2022-05-15T17:54:05.324065Z,3194907,0.64900000,0.87000000,buy,2022-05-15 17:54:05.324065+00:00
2022-05-15T17:53:41.682807Z,3194906,0.65000000,100.00000000,buy,2022-05-15 17:53:41.682807+00:00
2022-05-15T17:53:41.638227Z,3194905,0.65000000,307.81000000,buy,2022-05-15 17:53:41.638227+00:00
2022-05-15T17:53:41.638227Z,3194904,0.65000000,208.00000000,buy,2022-05-15 17:53:41.638227+00:00
2022-05-15T17:53:24.202958Z,3194903,0.65200000,1.42000000,sell,2022-05-15 17:53:24.202958+00:00
2022-05-15T17:53:21.299142Z,3194902,0.65100000,208.00000000,sell,2022-05-15 17:53:21.299142+00:00
2022-05-15T17:53:04.518288Z,3194901,0.65100000,0.59000000,buy,2022-05-15 17:53:04.518288+00:00
2022-05-15T17:52:58.550159Z,3194900,0.65300000,52.35000000,sell,2022-05-15 17:52:58.550159+00:00
2022-05-15T17:52:38.211258Z,3194899,0.65200000,208.00000000,buy,2022-05-15 17:52:38.211258+00:00
2022-05-15T17:52:38.203002Z,3194898,0.65200000,520.00000000,buy,2022-05-15 17:52:38.203002+00:00
2022-05-15T17:52:22.158625Z,3194897,0.65300000,7.05000000,buy,2022-05-15 17:52:22.158625+00:00
2022-05-15T17:51:58.694244Z,3194896,0.65500000,208.00000000,buy,2022-05-15 17:51:58.694244+00:00
2022-05-15T17:51:40.066827Z,3194895,0.65500000,208.00000000,sell,2022-05-15 17:51:40.066827+00:00
2022-05-15T17:51:40.066827Z,3194894,0.65500000,520.00000000,sell,2022-05-15 17:51:40.066827+00:00
2022-05-15T17:50:47.229393Z,3194893,0.65400000,62.44000000,buy,2022-05-15 17:50:47.229393+00:00
2022-05-15T17:50:17.507867Z,3194892,0.65400000,80.26000000,buy,2022-05-15 17:50:17.507867+00:00
2022-05-15T17:49:59.946321Z,3194891,0.65300000,100.00000000,buy,2022-05-15 17:49:59.946321+00:00
2022-05-15T17:49:49.596733Z,3194890,0.65400000,208.00000000,sell,2022-05-15 17:49:49.596733+00:00
2022-05-15T17:49:49.596733Z,3194889,0.65400000,130.00000000,sell,2022-05-15 17:49:49.596733+00:00
2022-05-15T17:49:48.583617Z,3194888,0.65400000,100.00000000,buy,2022-05-15 17:49:48.583617+00:00
2022-05-15T17:49:48.583617Z,3194887,0.65400000,520.00000000,buy,2022-05-15 17:49:48.583617+00:00
2022-05-15T17:49:48.583617Z,3194886,0.65400000,208.00000000,buy,2022-05-15 17:49:48.583617+00:00
2022-05-15T17:49:32.812223Z,3194885,0.65500000,520.00000000,sell,2022-05-15 17:49:32.812223+00:00
2022-05-15T17:49:32.812223Z,3194884,0.65500000,208.00000000,sell,2022-05-15 17:49:32.812223+00:00
2022-05-15T17:49:29.568983Z,3194883,0.65400000,140.00000000,buy,2022-05-15 17:49:29.568983+00:00
2022-05-15T17:49:29.536289Z,3194882,0.65400000,140.00000000,buy,2022-05-15 17:49:29.536289+00:00
2022-05-15T17:49:29.500537Z,3194881,0.65400000,140.00000000,buy,2022-05-15 17:49:29.500537+00:00
2022-05-15T17:49:29.377139Z,3194880,0.65400000,120.00000000,sell,2022-05-15 17:49:29.377139+00:00
2022-05-15T17:49:29.377139Z,3194879,0.65400000,208.00000000,sell,2022-05-15 17:49:29.377139+00:00
2022-05-15T17:49:29.329435Z,3194878,0.65400000,140.00000000,buy,2022-05-15 17:49:29.329435+00:00
2022-05-15T17:49:29.286642Z,3194877,0.65400000,100.00000000,buy,2022-05-15 17:49:29.286642+00:00
2022-05-15T17:49:29.286642Z,3194876,0.65400000,140.00000000,buy,2022-05-15 17:49:29.286642+00:00
2022-05-15T17:49:29.286642Z,3194875,0.65400000,208.00000000,buy,2022-05-15 17:49:29.286642+00:00
2022-05-15T17:48:51.156615Z,3194874,0.65500000,208.00000000,sell,2022-05-15 17:48:51.156615+00:00
2022-05-15T17:48:46.398151Z,3194873,0.65500000,208.00000000,sell,2022-05-15 17:48:46.398151+00:00
2022-05-15T17:48:45.740458Z,3194872,0.65600000,147.96000000,sell,2022-05-15 17:48:45.740458+00:00
2022-05-15T17:48:29.822763Z,3194871,0.65500000,100.00000000,buy,2022-05-15 17:48:29.822763+00:00
2022-05-15T17:48:26.242659Z,3194870,0.65500000,11.22000000,buy,2022-05-15 17:48:26.242659+00:00
2022-05-15T17:47:43.387407Z,3194869,0.65600000,35.66000000,sell,2022-05-15 17:47:43.387407+00:00
2022-05-15T17:46:00.644942Z,3194868,0.65600000,208.00000000,buy,2022-05-15 17:46:00.644942+00:00
2022-05-15T17:45:58.513328Z,3194867,0.65700000,135.09000000,sell,2022-05-15 17:45:58.513328+00:00
2022-05-15T17:45:56.732357Z,3194866,0.65700000,44.43000000,sell,2022-05-15 17:45:56.732357+00:00
2022-05-15T17:45:56.732357Z,3194865,0.65700000,140.00000000,sell,2022-05-15 17:45:56.732357+00:00
2022-05-15T17:44:13.908407Z,3194864,0.65500000,147.60000000,sell,2022-05-15 17:44:13.908407+00:00
2022-05-15T17:43:36.90504Z,3194863,0.65300000,8.82000000,buy,2022-05-15 17:43:36.905040+00:00
2022-05-15T17:43:03.816107Z,3194862,0.65400000,25.74000000,sell,2022-05-15 17:43:03.816107+00:00
2022-05-15T17:42:27.168295Z,3194861,0.65400000,208.00000000,sell,2022-05-15 17:42:27.168295+00:00
2022-05-15T17:42:11.146875Z,3194860,0.65600000,208.00000000,buy,2022-05-15 17:42:11.146875+00:00
2022-05-15T17:42:06.91123Z,3194859,0.65600000,177.87000000,sell,2022-05-15 17:42:06.911230+00:00
2022-05-15T17:42:05.872928Z,3194858,0.65600000,519.97000000,sell,2022-05-15 17:42:05.872928+00:00
2022-05-15T17:42:05.872928Z,3194857,0.65600000,570.13000000,sell,2022-05-15 17:42:05.872928+00:00
2022-05-15T17:42:05.467793Z,3194856,0.65500000,51.48000000,sell,2022-05-15 17:42:05.467793+00:00
2022-05-15T17:42:05.467793Z,3194855,0.65500000,208.00000000,sell,2022-05-15 17:42:05.467793+00:00
