time,trade_id,price,size,side,date
2022-05-14T22:21:49.888262Z,1284591,29643.61000000,0.00005573,sell,2022-05-14 22:21:49.888262+00:00
2022-05-14T22:17:40.767482Z,1284590,29711.62000000,0.00061992,sell,2022-05-14 22:17:40.767482+00:00
2022-05-14T22:08:54.614059Z,1284589,29630.07000000,0.00001600,sell,2022-05-14 22:08:54.614059+00:00
2022-05-14T22:07:17.132539Z,1284588,29598.51000000,0.00002345,sell,2022-05-14 22:07:17.132539+00:00
2022-05-14T22:05:36.579747Z,1284587,29556.42000000,0.00005028,buy,2022-05-14 22:05:36.579747+00:00
2022-05-14T22:05:30.123428Z,1284586,29548.36000000,0.00402548,buy,2022-05-14 22:05:30.123428+00:00
2022-05-14T22:02:36.759947Z,1284585,29613.73000000,0.00295434,buy,2022-05-14 22:02:36.759947+00:00
2022-05-14T22:02:07.29855Z,1284584,29638.92000000,0.00569281,buy,2022-05-14 22:02:07.298550+00:00
2022-05-14T22:02:07.29855Z,1284583,29638.93000000,0.00173461,buy,2022-05-14 22:02:07.298550+00:00
2022-05-14T22:01:20.580891Z,1284582,29630.08000000,0.00640554,buy,2022-05-14 22:01:20.580891+00:00
2022-05-14T22:01:20.580891Z,1284581,29630.09000000,0.00300000,buy,2022-05-14 22:01:20.580891+00:00
2022-05-14T22:01:20.580891Z,1284580,29630.10000000,0.00173460,buy,2022-05-14 22:01:20.580891+00:00
2022-05-14T21:55:24.511161Z,1284579,29680.12000000,0.00001829,buy,2022-05-14 21:55:24.511161+00:00
2022-05-14T21:53:00.865687Z,1284578,29751.72000000,0.00003622,buy,2022-05-14 21:53:00.865687+00:00
2022-05-14T21:50:45.180253Z,1284577,29719.59000000,0.00008206,sell,2022-05-14 21:50:45.180253+00:00
2022-05-14T21:49:46.753459Z,1284576,29723.38000000,0.00030613,buy,2022-05-14 21:49:46.753459+00:00
2022-05-14T21:48:54.512941Z,1284575,29742.28000000,0.00344166,sell,2022-05-14 21:48:54.512941+00:00
2022-05-14T21:48:05.623892Z,1284574,29738.89000000,0.00004460,buy,2022-05-14 21:48:05.623892+00:00
2022-05-14T21:33:37.283913Z,1284573,29452.12000000,0.00021423,buy,2022-05-14 21:33:37.283913+00:00
2022-05-14T21:33:37.283913Z,1284572,29452.13000000,0.00052233,buy,2022-05-14 21:33:37.283913+00:00
2022-05-14T21:32:40.758048Z,1284571,29452.13000000,0.00261408,buy,2022-05-14 21:32:40.758048+00:00
2022-05-14T21:30:58.887304Z,1284570,29483.66000000,0.00030526,buy,2022-05-14 21:30:58.887304+00:00
2022-05-14T21:29:41.149401Z,1284569,29457.32000000,0.00344166,sell,2022-05-14 21:29:41.149401+00:00
2022-05-14T21:29:40.271554Z,1284568,29406.35000000,0.00240000,buy,2022-05-14 21:29:40.271554+00:00
2022-05-14T21:28:55.525022Z,1284567,29413.92000000,0.00400932,buy,2022-05-14 21:28:55.525022+00:00
2022-05-14T21:28:55.525022Z,1284566,29413.93000000,0.00400000,buy,2022-05-14 21:28:55.525022+00:00
2022-05-14T21:26:29.482176Z,1284565,29389.04000000,0.00670597,buy,2022-05-14 21:26:29.482176+00:00
2022-05-14T21:26:29.482176Z,1284564,29389.05000000,0.00400000,buy,2022-05-14 21:26:29.482176+00:00
2022-05-14T21:24:52.219558Z,1284563,29399.18000000,0.00002425,buy,2022-05-14 21:24:52.219558+00:00
2022-05-14T21:24:52.219558Z,1284562,29399.19000000,0.00400000,buy,2022-05-14 21:24:52.219558+00:00
2022-05-14T21:24:52.219558Z,1284561,29399.19000000,0.00276463,buy,2022-05-14 21:24:52.219558+00:00
2022-05-14T21:24:52.219558Z,1284560,29399.21000000,0.00276463,buy,2022-05-14 21:24:52.219558+00:00
2022-05-14T21:24:28.217091Z,1284559,29441.36000000,0.00135510,sell,2022-05-14 21:24:28.217091+00:00
2022-05-14T21:22:40.515514Z,1284558,29470.99000000,0.00048891,sell,2022-05-14 21:22:40.515514+00:00
2022-05-14T21:21:08.923564Z,1284557,29450.27000000,0.00175759,sell,2022-05-14 21:21:08.923564+00:00
2022-05-14T21:20:12.509793Z,1284556,29432.98000000,0.00013556,sell,2022-05-14 21:20:12.509793+00:00
2022-05-14T21:18:29.106912Z,1284555,29425.25000000,0.00128183,sell,2022-05-14 21:18:29.106912+00:00
2022-05-14T21:18:29.106912Z,1284554,29425.24000000,0.00200000,sell,2022-05-14 21:18:29.106912+00:00
2022-05-14T21:14:44.674548Z,1284553,29324.01000000,0.00052562,buy,2022-05-14 21:14:44.674548+00:00
2022-05-14T21:12:52.72083Z,1284552,29343.31000000,0.00090000,sell,2022-05-14 21:12:52.720830+00:00
2022-05-14T21:12:41.261629Z,1284551,29351.45000000,0.00030552,sell,2022-05-14 21:12:41.261629+00:00
2022-05-14T21:11:13.193573Z,1284550,29392.37000000,0.00062663,sell,2022-05-14 21:11:13.193573+00:00
2022-05-14T21:11:03.917237Z,1284549,29392.37000000,0.00261408,sell,2022-05-14 21:11:03.917237+00:00
2022-05-14T21:08:00.877224Z,1284548,29387.37000000,0.00028866,sell,2022-05-14 21:08:00.877224+00:00
2022-05-14T21:08:00.877224Z,1284547,29367.86000000,0.00001660,sell,2022-05-14 21:08:00.877224+00:00
2022-05-14T21:05:04.983788Z,1284546,29319.06000000,0.00082844,buy,2022-05-14 21:05:04.983788+00:00
2022-05-14T21:04:52.478421Z,1284545,29376.95000000,0.00199058,sell,2022-05-14 21:04:52.478421+00:00
2022-05-14T21:04:52.478421Z,1284544,29376.94000000,0.00287034,sell,2022-05-14 21:04:52.478421+00:00
2022-05-14T21:04:23.927226Z,1284543,29344.39000000,0.00002639,sell,2022-05-14 21:04:23.927226+00:00
2022-05-14T21:04:15.595813Z,1284542,29344.39000000,0.00002586,sell,2022-05-14 21:04:15.595813+00:00
2022-05-14T20:57:28.26759Z,1284541,29344.39000000,0.00042181,sell,2022-05-14 20:57:28.267590+00:00
2022-05-14T20:57:28.26759Z,1284540,29344.39000000,0.00287033,sell,2022-05-14 20:57:28.267590+00:00
2022-05-14T20:47:23.542323Z,1284539,29333.42000000,0.00014161,sell,2022-05-14 20:47:23.542323+00:00
2022-05-14T20:42:39.922103Z,1284538,29323.75000000,0.00030492,buy,2022-05-14 20:42:39.922103+00:00
2022-05-14T20:40:59.762051Z,1284537,29397.21000000,0.00017439,sell,2022-05-14 20:40:59.762051+00:00
2022-05-14T20:37:40.858965Z,1284536,29377.71000000,0.00048683,buy,2022-05-14 20:37:40.858965+00:00
2022-05-14T20:37:37.327021Z,1284535,29434.72000000,0.00003416,sell,2022-05-14 20:37:37.327021+00:00
2022-05-14T20:37:07.097916Z,1284534,29411.91000000,0.00004670,buy,2022-05-14 20:37:07.097916+00:00
2022-05-14T20:36:12.523046Z,1284533,29459.25000000,0.00082665,sell,2022-05-14 20:36:12.523046+00:00
2022-05-14T20:30:28.862962Z,1284532,29470.91000000,0.00022551,buy,2022-05-14 20:30:28.862962+00:00
2022-05-14T20:30:28.862962Z,1284531,29485.26000000,0.00004133,buy,2022-05-14 20:30:28.862962+00:00
2022-05-14T20:23:38.217469Z,1284530,29485.26000000,0.00511088,buy,2022-05-14 20:23:38.217469+00:00
2022-05-14T20:22:36.494681Z,1284529,29517.81000000,0.00170527,buy,2022-05-14 20:22:36.494681+00:00
2022-05-14T20:21:43.701574Z,1284528,29517.81000000,0.00173639,buy,2022-05-14 20:21:43.701574+00:00
2022-05-14T20:21:43.701574Z,1284527,29529.59000000,0.00344166,buy,2022-05-14 20:21:43.701574+00:00
2022-05-14T20:21:12.367898Z,1284526,29566.52000000,0.00199178,sell,2022-05-14 20:21:12.367898+00:00
2022-05-14T20:21:12.367898Z,1284525,29566.52000000,0.00318627,sell,2022-05-14 20:21:12.367898+00:00
2022-05-14T20:20:24.20956Z,1284524,29571.31000000,0.00008606,sell,2022-05-14 20:20:24.209560+00:00
2022-05-14T20:19:57.658921Z,1284523,29616.43000000,0.00001688,sell,2022-05-14 20:19:57.658921+00:00
2022-05-14T20:19:57.441264Z,1284522,29580.94000000,0.00122410,buy,2022-05-14 20:19:57.441264+00:00
2022-05-14T20:19:54.426016Z,1284521,29580.94000000,0.00026000,sell,2022-05-14 20:19:54.426016+00:00
2022-05-14T20:19:54.341876Z,1284520,29575.22000000,0.00328920,sell,2022-05-14 20:19:54.341876+00:00
2022-05-14T20:12:02.205425Z,1284519,29361.40000000,0.00082505,buy,2022-05-14 20:12:02.205425+00:00
2022-05-14T20:11:36.124659Z,1284518,29366.94000000,0.00112413,buy,2022-05-14 20:11:36.124659+00:00
2022-05-14T20:10:44.742169Z,1284517,29417.90000000,0.00030492,sell,2022-05-14 20:10:44.742169+00:00
2022-05-14T20:07:51.297633Z,1284516,29327.56000000,0.00177237,buy,2022-05-14 20:07:51.297633+00:00
2022-05-14T20:07:49.762882Z,1284515,29367.16000000,0.00083507,buy,2022-05-14 20:07:49.762882+00:00
2022-05-14T20:06:59.951828Z,1284514,29367.16000000,0.00108766,buy,2022-05-14 20:06:59.951828+00:00
2022-05-14T20:06:52.575408Z,1284513,29396.21000000,0.00002570,buy,2022-05-14 20:06:52.575408+00:00
2022-05-14T20:05:59.981432Z,1284512,29396.21000000,0.00232094,buy,2022-05-14 20:05:59.981432+00:00
2022-05-14T20:05:05.109564Z,1284511,29331.11000000,0.00170657,buy,2022-05-14 20:05:05.109564+00:00
2022-05-14T19:59:48.107294Z,1284510,29313.05000000,0.00002509,buy,2022-05-14 19:59:48.107294+00:00
2022-05-14T19:56:14.88208Z,1284509,29313.05000000,0.00007737,buy,2022-05-14 19:56:14.882080+00:00
2022-05-14T19:53:19.277981Z,1284508,29262.62000000,0.00005104,buy,2022-05-14 19:53:19.277981+00:00
2022-05-14T19:44:09.555426Z,1284507,29324.58000000,0.00060265,sell,2022-05-14 19:44:09.555426+00:00
2022-05-14T19:44:09.555426Z,1284506,29324.57000000,0.00287905,sell,2022-05-14 19:44:09.555426+00:00
2022-05-14T19:43:29.382321Z,1284505,29324.57000000,0.00037498,sell,2022-05-14 19:43:29.382321+00:00
2022-05-14T19:41:53.818238Z,1284504,29315.65000000,0.00030586,sell,2022-05-14 19:41:53.818238+00:00
2022-05-14T19:35:31.798557Z,1284503,29329.14000000,0.00229463,buy,2022-05-14 19:35:31.798557+00:00
2022-05-14T19:34:38.918725Z,1284502,29335.61000000,0.00053689,buy,2022-05-14 19:34:38.918725+00:00
2022-05-14T19:32:34.0935Z,1284501,29329.51000000,0.00007008,buy,2022-05-14 19:32:34.093500+00:00
2022-05-14T19:32:04.021829Z,1284500,29381.91000000,0.00006941,sell,2022-05-14 19:32:04.021829+00:00
2022-05-14T19:31:50.597813Z,1284499,29329.05000000,0.00042871,buy,2022-05-14 19:31:50.597813+00:00
2022-05-14T19:29:46.067008Z,1284498,29343.74000000,0.00094804,buy,2022-05-14 19:29:46.067008+00:00
2022-05-14T19:24:51.379988Z,1284497,29366.82000000,0.00002808,sell,2022-05-14 19:24:51.379988+00:00
2022-05-14T19:20:35.956355Z,1284496,29335.41000000,0.00341835,buy,2022-05-14 19:20:35.956355+00:00
2022-05-14T19:13:20.073543Z,1284495,29494.54000000,0.00012710,buy,2022-05-14 19:13:20.073543+00:00
2022-05-14T19:13:20.073543Z,1284494,29501.44000000,0.00002846,buy,2022-05-14 19:13:20.073543+00:00
2022-05-14T19:11:31.323038Z,1284493,29545.88000000,0.00008200,sell,2022-05-14 19:11:31.323038+00:00
2022-05-14T19:10:49.990952Z,1284492,29520.18000000,0.00030370,sell,2022-05-14 19:10:49.990952+00:00
2022-05-14T19:06:20.440294Z,1284491,29435.77000000,0.00004834,sell,2022-05-14 19:06:20.440294+00:00
2022-05-14T19:03:12.015343Z,1284490,29435.77000000,0.00079501,sell,2022-05-14 19:03:12.015343+00:00
2022-05-14T19:01:09.471035Z,1284489,29440.25000000,0.00082984,buy,2022-05-14 19:01:09.471035+00:00
2022-05-14T18:59:36.640294Z,1284488,29490.86000000,0.00082984,sell,2022-05-14 18:59:36.640294+00:00
2022-05-14T18:53:52.868204Z,1284487,29478.37000000,0.00060149,buy,2022-05-14 18:53:52.868204+00:00
2022-05-14T18:53:52.868204Z,1284486,29478.38000000,0.00183859,buy,2022-05-14 18:53:52.868204+00:00
2022-05-14T18:52:37.95667Z,1284485,29546.38000000,0.00082505,sell,2022-05-14 18:52:37.956670+00:00
2022-05-14T18:51:53.966626Z,1284484,29547.27000000,0.00062341,sell,2022-05-14 18:51:53.966626+00:00
2022-05-14T18:50:20.565708Z,1284483,29435.01000000,0.00222872,buy,2022-05-14 18:50:20.565708+00:00
2022-05-14T18:49:24.072685Z,1284482,29469.16000000,0.00021983,buy,2022-05-14 18:49:24.072685+00:00
2022-05-14T18:47:35.408071Z,1284481,29550.64000000,0.00049974,sell,2022-05-14 18:47:35.408071+00:00
2022-05-14T18:47:35.408071Z,1284480,29550.64000000,0.00220605,sell,2022-05-14 18:47:35.408071+00:00
2022-05-14T18:44:31.194242Z,1284479,29580.94000000,0.00063128,sell,2022-05-14 18:44:31.194242+00:00
2022-05-14T18:38:50.12236Z,1284478,29528.07000000,0.00170451,buy,2022-05-14 18:38:50.122360+00:00
2022-05-14T18:38:50.12236Z,1284477,29555.05000000,0.00183995,buy,2022-05-14 18:38:50.122360+00:00
2022-05-14T18:37:48.575337Z,1284476,29563.08000000,0.00030287,sell,2022-05-14 18:37:48.575337+00:00
2022-05-14T18:33:42.47775Z,1284475,29618.67000000,0.00337702,buy,2022-05-14 18:33:42.477750+00:00
2022-05-14T18:32:30.745013Z,1284474,29690.21000000,0.00031857,buy,2022-05-14 18:32:30.745013+00:00
2022-05-14T18:31:02.327133Z,1284473,29664.55000000,0.00010585,buy,2022-05-14 18:31:02.327133+00:00
2022-05-14T18:29:17.770958Z,1284472,29736.93000000,0.00002536,sell,2022-05-14 18:29:17.770958+00:00
2022-05-14T18:28:18.49485Z,1284471,29736.63000000,0.00504783,sell,2022-05-14 18:28:18.494850+00:00
2022-05-14T18:26:32.810455Z,1284470,29742.62000000,0.00035063,sell,2022-05-14 18:26:32.810455+00:00
2022-05-14T18:24:28.322342Z,1284469,29836.28000000,0.00001649,sell,2022-05-14 18:24:28.322342+00:00
2022-05-14T18:22:36.650617Z,1284468,29743.03000000,0.00002343,buy,2022-05-14 18:22:36.650617+00:00
2022-05-14T18:21:52.177307Z,1284467,29814.19000000,0.00086911,sell,2022-05-14 18:21:52.177307+00:00
2022-05-14T18:21:52.177307Z,1284466,29814.18000000,0.00100000,sell,2022-05-14 18:21:52.177307+00:00
2022-05-14T18:21:52.177307Z,1284465,29814.17000000,0.00215637,sell,2022-05-14 18:21:52.177307+00:00
2022-05-14T18:19:35.762983Z,1284464,29919.69000000,0.01642277,sell,2022-05-14 18:19:35.762983+00:00
2022-05-14T18:17:56.223972Z,1284463,29751.37000000,0.00215637,sell,2022-05-14 18:17:56.223972+00:00
2022-05-14T18:17:43.73499Z,1284462,29682.00000000,0.00001812,buy,2022-05-14 18:17:43.734990+00:00
2022-05-14T18:16:51.027484Z,1284461,29787.49000000,0.00257058,buy,2022-05-14 18:16:51.027484+00:00
2022-05-14T18:15:58.011487Z,1284460,29779.40000000,0.00023345,buy,2022-05-14 18:15:58.011487+00:00
2022-05-14T18:15:51.763564Z,1284459,29827.97000000,0.00015556,sell,2022-05-14 18:15:51.763564+00:00
2022-05-14T18:15:14.906125Z,1284458,29744.20000000,0.00023345,sell,2022-05-14 18:15:14.906125+00:00
2022-05-14T18:13:31.225643Z,1284457,29672.30000000,0.00007077,buy,2022-05-14 18:13:31.225643+00:00
2022-05-14T18:12:50.544684Z,1284456,29699.58000000,0.00041153,sell,2022-05-14 18:12:50.544684+00:00
2022-05-14T18:12:43.075387Z,1284455,29663.48000000,0.00003500,buy,2022-05-14 18:12:43.075387+00:00
2022-05-14T18:10:53.736987Z,1284454,29692.23000000,0.00005486,sell,2022-05-14 18:10:53.736987+00:00
2022-05-14T18:10:29.098971Z,1284453,29640.20000000,0.00220855,sell,2022-05-14 18:10:29.098971+00:00
2022-05-14T18:07:53.392287Z,1284452,29558.94000000,0.00003313,sell,2022-05-14 18:07:53.392287+00:00
2022-05-14T18:04:23.838333Z,1284451,29645.98000000,0.00243309,buy,2022-05-14 18:04:23.838333+00:00
2022-05-14T18:01:30.330263Z,1284450,29556.74000000,0.00002127,buy,2022-05-14 18:01:30.330263+00:00
2022-05-14T18:00:38.171213Z,1284449,29556.74000000,0.00119258,buy,2022-05-14 18:00:38.171213+00:00
2022-05-14T17:57:56.360405Z,1284448,29499.98000000,0.03188044,sell,2022-05-14 17:57:56.360405+00:00
2022-05-14T17:57:56.360405Z,1284447,29491.43000000,0.04000000,sell,2022-05-14 17:57:56.360405+00:00
2022-05-14T17:57:56.360405Z,1284446,29491.43000000,0.00848163,sell,2022-05-14 17:57:56.360405+00:00
2022-05-14T17:57:56.360405Z,1284445,29491.42000000,0.00100000,sell,2022-05-14 17:57:56.360405+00:00
2022-05-14T17:57:56.360405Z,1284444,29491.41000000,0.00201713,sell,2022-05-14 17:57:56.360405+00:00
2022-05-14T17:54:56.684685Z,1284443,29407.28000000,0.00084353,buy,2022-05-14 17:54:56.684685+00:00
2022-05-14T17:54:56.684685Z,1284442,29418.27000000,0.00493418,buy,2022-05-14 17:54:56.684685+00:00
2022-05-14T17:54:56.684685Z,1284441,29428.55000000,0.00208150,buy,2022-05-14 17:54:56.684685+00:00
2022-05-14T17:54:56.684685Z,1284440,29428.56000000,0.00284906,buy,2022-05-14 17:54:56.684685+00:00
2022-05-14T17:53:55.562478Z,1284439,29430.84000000,0.00058630,buy,2022-05-14 17:53:55.562478+00:00
2022-05-14T17:51:58.367389Z,1284438,29522.19000000,0.00120848,sell,2022-05-14 17:51:58.367389+00:00
2022-05-14T17:51:03.842425Z,1284437,29531.21000000,0.00017432,sell,2022-05-14 17:51:03.842425+00:00
2022-05-14T17:50:38.369161Z,1284436,29567.17000000,0.13213961,sell,2022-05-14 17:50:38.369161+00:00
2022-05-14T17:50:38.369161Z,1284435,29541.08000000,0.08469494,sell,2022-05-14 17:50:38.369161+00:00
2022-05-14T17:50:38.369161Z,1284434,29532.98000000,0.04000000,sell,2022-05-14 17:50:38.369161+00:00
2022-05-14T17:50:38.369161Z,1284433,29532.98000000,0.00846969,sell,2022-05-14 17:50:38.369161+00:00
2022-05-14T17:47:09.285536Z,1284432,29401.49000000,0.00000566,sell,2022-05-14 17:47:09.285536+00:00
2022-05-14T17:47:08.715504Z,1284431,29401.49000000,0.00003200,sell,2022-05-14 17:47:08.715504+00:00
2022-05-14T17:45:57.676303Z,1284430,29401.49000000,0.00003362,sell,2022-05-14 17:45:57.676303+00:00
2022-05-14T17:45:22.828851Z,1284429,29373.02000000,0.00036381,buy,2022-05-14 17:45:22.828851+00:00
2022-05-14T17:42:24.414493Z,1284428,29459.20000000,0.07894446,sell,2022-05-14 17:42:24.414493+00:00
2022-05-14T17:42:24.414493Z,1284427,29459.19000000,0.02115200,sell,2022-05-14 17:42:24.414493+00:00
2022-05-14T17:42:24.414493Z,1284426,29444.44000000,0.00571240,sell,2022-05-14 17:42:24.414493+00:00
2022-05-14T17:42:24.414493Z,1284425,29436.01000000,0.00517271,sell,2022-05-14 17:42:24.414493+00:00
2022-05-14T17:42:24.414493Z,1284424,29420.37000000,0.25537849,sell,2022-05-14 17:42:24.414493+00:00
2022-05-14T17:42:24.414493Z,1284423,29398.62000000,0.08510852,sell,2022-05-14 17:42:24.414493+00:00
2022-05-14T17:42:24.414493Z,1284422,29383.75000000,0.00851302,sell,2022-05-14 17:42:24.414493+00:00
2022-05-14T17:42:24.414493Z,1284421,29381.15000000,0.00001840,sell,2022-05-14 17:42:24.414493+00:00
2022-05-14T17:42:24.414493Z,1284420,29381.14000000,0.04000000,sell,2022-05-14 17:42:24.414493+00:00
2022-05-14T17:40:03.859329Z,1284419,29302.11000000,0.00016612,buy,2022-05-14 17:40:03.859329+00:00
2022-05-14T17:39:26.43492Z,1284418,29342.01000000,0.00072332,sell,2022-05-14 17:39:26.434920+00:00
2022-05-14T17:39:26.43492Z,1284417,29333.65000000,0.04000000,sell,2022-05-14 17:39:26.434920+00:00
2022-05-14T17:39:05.898327Z,1284416,29318.52000000,0.00740389,sell,2022-05-14 17:39:05.898327+00:00
2022-05-14T17:39:05.898327Z,1284415,29318.51000000,0.00300000,sell,2022-05-14 17:39:05.898327+00:00
2022-05-14T17:38:04.920933Z,1284414,29280.04000000,0.00101908,buy,2022-05-14 17:38:04.920933+00:00
2022-05-14T17:37:15.084487Z,1284413,29346.99000000,0.00328608,sell,2022-05-14 17:37:15.084487+00:00
2022-05-14T17:33:27.312351Z,1284412,29423.36000000,0.06903125,sell,2022-05-14 17:33:27.312351+00:00
2022-05-14T17:33:27.312351Z,1284411,29409.69000000,0.00850552,sell,2022-05-14 17:33:27.312351+00:00
2022-05-14T17:33:27.312351Z,1284410,29407.51000000,0.04000000,sell,2022-05-14 17:33:27.312351+00:00
2022-05-14T17:33:27.312351Z,1284409,29407.05000000,0.04522409,sell,2022-05-14 17:33:27.312351+00:00
2022-05-14T17:33:27.312351Z,1284408,29407.04000000,0.00400000,sell,2022-05-14 17:33:27.312351+00:00
2022-05-14T17:33:00.441205Z,1284407,29392.00000000,0.00006655,sell,2022-05-14 17:33:00.441205+00:00
2022-05-14T17:31:44.870407Z,1284406,29417.54000000,0.00006443,sell,2022-05-14 17:31:44.870407+00:00
2022-05-14T17:30:58.577227Z,1284405,29425.24000000,0.00022698,sell,2022-05-14 17:30:58.577227+00:00
2022-05-14T17:30:32.153025Z,1284404,29421.24000000,0.00002296,buy,2022-05-14 17:30:32.153025+00:00
2022-05-14T17:30:11.553736Z,1284403,29473.60000000,0.00260688,sell,2022-05-14 17:30:11.553736+00:00
2022-05-14T17:30:11.553736Z,1284402,29473.59000000,0.00400000,sell,2022-05-14 17:30:11.553736+00:00
2022-05-14T17:26:14.149747Z,1284401,29400.61000000,0.00125719,buy,2022-05-14 17:26:14.149747+00:00
2022-05-14T17:25:36.635289Z,1284400,29419.89000000,0.00003556,sell,2022-05-14 17:25:36.635289+00:00
2022-05-14T17:24:12.874455Z,1284399,29460.33000000,0.00016612,sell,2022-05-14 17:24:12.874455+00:00
2022-05-14T17:20:43.961939Z,1284398,29480.38000000,0.02115200,sell,2022-05-14 17:20:43.961939+00:00
2022-05-14T17:20:43.961939Z,1284397,29480.38000000,0.02542400,sell,2022-05-14 17:20:43.961939+00:00
2022-05-14T17:20:43.814365Z,1284396,29457.69000000,0.00262961,sell,2022-05-14 17:20:43.814365+00:00
2022-05-14T17:20:43.814365Z,1284395,29455.85000000,0.00262961,sell,2022-05-14 17:20:43.814365+00:00
2022-05-14T17:17:54.937979Z,1284394,29415.54000000,0.00162410,sell,2022-05-14 17:17:54.937979+00:00
2022-05-14T17:14:09.293142Z,1284393,29360.77000000,0.00002780,buy,2022-05-14 17:14:09.293142+00:00
2022-05-14T17:14:09.293142Z,1284392,29360.77000000,0.00002154,buy,2022-05-14 17:14:09.293142+00:00
2022-05-14T17:10:54.395832Z,1284391,29416.95000000,0.00031768,sell,2022-05-14 17:10:54.395832+00:00
2022-05-14T17:03:29.317869Z,1284390,29232.04000000,0.00002547,sell,2022-05-14 17:03:29.317869+00:00
2022-05-14T17:02:15.490885Z,1284389,29204.45000000,0.00147216,buy,2022-05-14 17:02:15.490885+00:00
2022-05-14T17:02:15.490885Z,1284388,29204.46000000,0.00339842,buy,2022-05-14 17:02:15.490885+00:00
2022-05-14T17:02:15.490885Z,1284387,29204.46000000,0.00350000,buy,2022-05-14 17:02:15.490885+00:00
2022-05-14T16:58:59.092648Z,1284386,29296.85000000,0.00004325,buy,2022-05-14 16:58:59.092648+00:00
2022-05-14T16:52:20.460324Z,1284385,29474.32000000,0.00344166,buy,2022-05-14 16:52:20.460324+00:00
2022-05-14T16:51:41.272822Z,1284384,29507.35000000,0.00015534,buy,2022-05-14 16:51:41.272822+00:00
2022-05-14T16:51:11.781994Z,1284383,29457.25000000,0.00345063,sell,2022-05-14 16:51:11.781994+00:00
2022-05-14T16:49:50.246169Z,1284382,29234.38000000,0.02955200,sell,2022-05-14 16:49:50.246169+00:00
2022-05-14T16:49:49.943682Z,1284381,29197.93000000,0.00336279,sell,2022-05-14 16:49:49.943682+00:00
2022-05-14T16:40:02.974686Z,1284380,29078.59000000,0.00006734,sell,2022-05-14 16:40:02.974686+00:00
2022-05-14T16:35:13.693492Z,1284379,29055.62000000,0.00008460,buy,2022-05-14 16:35:13.693492+00:00
2022-05-14T16:33:14.734831Z,1284378,28975.76000000,0.00031430,buy,2022-05-14 16:33:14.734831+00:00
2022-05-14T16:20:44.53133Z,1284377,28896.59000000,0.06736029,buy,2022-05-14 16:20:44.531330+00:00
2022-05-14T16:20:44.53133Z,1284376,28896.60000000,0.00400000,buy,2022-05-14 16:20:44.531330+00:00
2022-05-14T16:20:44.53133Z,1284375,28900.99000000,0.00863971,buy,2022-05-14 16:20:44.531330+00:00
2022-05-14T16:19:49.800618Z,1284374,28848.01000000,0.00012084,buy,2022-05-14 16:19:49.800618+00:00
2022-05-14T16:18:32.688033Z,1284373,28830.01000000,0.00003844,buy,2022-05-14 16:18:32.688033+00:00
2022-05-14T16:17:03.49232Z,1284372,28826.73000000,0.00002180,buy,2022-05-14 16:17:03.492320+00:00
2022-05-14T16:16:24.186158Z,1284371,28867.71000000,0.00012084,sell,2022-05-14 16:16:24.186158+00:00
2022-05-14T16:11:56.095513Z,1284370,28626.73000000,0.00301005,sell,2022-05-14 16:11:56.095513+00:00
2022-05-14T16:11:28.976335Z,1284369,28707.19000000,0.00017073,sell,2022-05-14 16:11:28.976335+00:00
2022-05-14T16:08:31.732377Z,1284368,28792.32000000,0.00013858,sell,2022-05-14 16:08:31.732377+00:00
2022-05-14T16:08:29.826595Z,1284367,28739.63000000,0.00460744,buy,2022-05-14 16:08:29.826595+00:00
2022-05-14T16:07:49.828746Z,1284366,28787.40000000,0.00057274,sell,2022-05-14 16:07:49.828746+00:00
2022-05-14T16:03:31.540403Z,1284365,28782.73000000,0.00003844,sell,2022-05-14 16:03:31.540403+00:00
2022-05-14T16:01:27.345264Z,1284364,28743.33000000,0.00004607,buy,2022-05-14 16:01:27.345264+00:00
2022-05-14T16:00:39.456041Z,1284363,28788.81000000,0.00004607,sell,2022-05-14 16:00:39.456041+00:00
2022-05-14T16:00:05.215897Z,1284362,28763.82000000,0.00276496,buy,2022-05-14 16:00:05.215897+00:00
2022-05-14T15:59:39.132058Z,1284361,28718.51000000,0.01874107,buy,2022-05-14 15:59:39.132058+00:00
2022-05-14T15:59:39.132058Z,1284360,28726.85000000,0.00869194,buy,2022-05-14 15:59:39.132058+00:00
2022-05-14T15:59:39.132058Z,1284359,28726.86000000,0.00400000,buy,2022-05-14 15:59:39.132058+00:00
2022-05-14T15:59:39.132058Z,1284358,28726.86000000,0.00277678,buy,2022-05-14 15:59:39.132058+00:00
2022-05-14T15:53:17.217474Z,1284357,28690.57000000,0.00067099,buy,2022-05-14 15:53:17.217474+00:00
2022-05-14T15:52:53.266845Z,1284356,28697.60000000,0.00002634,buy,2022-05-14 15:52:53.266845+00:00
2022-05-14T15:51:23.999245Z,1284355,28748.22000000,0.00914327,buy,2022-05-14 15:51:23.999245+00:00
2022-05-14T15:51:23.999245Z,1284354,28751.53000000,0.00868448,buy,2022-05-14 15:51:23.999245+00:00
2022-05-14T15:51:23.999245Z,1284353,28751.54000000,0.00400000,buy,2022-05-14 15:51:23.999245+00:00
2022-05-14T15:51:23.999245Z,1284352,28751.54000000,0.00347410,buy,2022-05-14 15:51:23.999245+00:00
2022-05-14T15:51:00.80685Z,1284351,28769.09000000,0.02756573,sell,2022-05-14 15:51:00.806850+00:00
2022-05-14T15:51:00.80685Z,1284350,28769.08000000,0.00332203,sell,2022-05-14 15:51:00.806850+00:00
2022-05-14T15:51:00.80685Z,1284349,28767.58000000,0.00332203,sell,2022-05-14 15:51:00.806850+00:00
2022-05-14T15:47:38.880356Z,1284348,28704.13000000,0.00029549,buy,2022-05-14 15:47:38.880356+00:00
2022-05-14T15:46:56.711557Z,1284347,28771.83000000,0.00002634,sell,2022-05-14 15:46:56.711557+00:00
2022-05-14T15:46:35.460691Z,1284346,28771.58000000,0.00003407,sell,2022-05-14 15:46:35.460691+00:00
2022-05-14T15:45:39.220142Z,1284345,28762.57000000,0.00024374,sell,2022-05-14 15:45:39.220142+00:00
2022-05-14T15:45:23.588862Z,1284344,28705.07000000,0.01199407,buy,2022-05-14 15:45:23.588862+00:00
2022-05-14T15:45:23.588862Z,1284343,28711.48000000,0.00869660,buy,2022-05-14 15:45:23.588862+00:00
2022-05-14T15:45:23.588862Z,1284342,28713.17000000,0.00309997,buy,2022-05-14 15:45:23.588862+00:00
2022-05-14T15:45:06.388886Z,1284341,28750.68000000,0.00040595,sell,2022-05-14 15:45:06.388886+00:00
2022-05-14T15:45:06.388886Z,1284340,28730.80000000,0.00002130,sell,2022-05-14 15:45:06.388886+00:00
2022-05-14T15:44:31.555725Z,1284339,28748.82000000,0.00309997,sell,2022-05-14 15:44:31.555725+00:00
2022-05-14T15:43:05.999584Z,1284338,28693.95000000,0.09512289,buy,2022-05-14 15:43:05.999584+00:00
2022-05-14T15:43:05.999584Z,1284337,28693.96000000,0.01414400,buy,2022-05-14 15:43:05.999584+00:00
2022-05-14T15:43:05.999584Z,1284336,28693.96000000,0.00150400,buy,2022-05-14 15:43:05.999584+00:00
2022-05-14T15:43:05.999584Z,1284335,28707.89000000,0.08695883,buy,2022-05-14 15:43:05.999584+00:00
2022-05-14T15:43:05.999584Z,1284334,28716.22000000,0.00202684,buy,2022-05-14 15:43:05.999584+00:00
2022-05-14T15:43:05.999584Z,1284333,28716.25000000,0.00869516,buy,2022-05-14 15:43:05.999584+00:00
2022-05-14T15:43:05.999584Z,1284332,28716.26000000,0.00400000,buy,2022-05-14 15:43:05.999584+00:00
2022-05-14T15:43:05.999584Z,1284331,28716.27000000,0.00202684,buy,2022-05-14 15:43:05.999584+00:00
2022-05-14T15:42:40.742473Z,1284330,28752.55000000,0.00289454,buy,2022-05-14 15:42:40.742473+00:00
2022-05-14T15:42:37.786571Z,1284329,28799.40000000,0.01880510,sell,2022-05-14 15:42:37.786571+00:00
2022-05-14T15:42:37.786571Z,1284328,28799.39000000,0.00202684,sell,2022-05-14 15:42:37.786571+00:00
2022-05-14T15:42:37.786571Z,1284327,28798.58000000,0.00868418,sell,2022-05-14 15:42:37.786571+00:00
2022-05-14T15:42:37.786571Z,1284326,28798.57000000,0.00250000,sell,2022-05-14 15:42:37.786571+00:00
2022-05-14T15:42:37.786571Z,1284325,28798.57000000,0.00202684,sell,2022-05-14 15:42:37.786571+00:00
2022-05-14T15:30:13.150677Z,1284324,28843.21000000,0.00283020,buy,2022-05-14 15:30:13.150677+00:00
2022-05-14T15:29:00.974609Z,1284323,28895.52000000,0.00283020,sell,2022-05-14 15:29:00.974609+00:00
2022-05-14T15:28:32.421322Z,1284322,28888.72000000,0.00003948,buy,2022-05-14 15:28:32.421322+00:00
2022-05-14T15:26:39.225168Z,1284321,28905.61000000,0.00003935,buy,2022-05-14 15:26:39.225168+00:00
2022-05-14T15:26:12.434793Z,1284320,28926.56000000,0.00037987,sell,2022-05-14 15:26:12.434793+00:00
2022-05-14T15:22:46.343669Z,1284319,28910.49000000,0.00051580,sell,2022-05-14 15:22:46.343669+00:00
2022-05-14T15:22:25.507156Z,1284318,28856.54000000,0.00010117,buy,2022-05-14 15:22:25.507156+00:00
2022-05-14T15:19:07.157015Z,1284317,28944.75000000,0.00030899,sell,2022-05-14 15:19:07.157015+00:00
2022-05-14T15:14:17.373992Z,1284316,28973.63000000,0.00002460,buy,2022-05-14 15:14:17.373992+00:00
2022-05-14T15:07:40.676724Z,1284315,28889.89000000,0.00194711,buy,2022-05-14 15:07:40.676724+00:00
2022-05-14T15:05:43.735181Z,1284314,28905.81000000,0.00006882,sell,2022-05-14 15:05:43.735181+00:00
2022-05-14T15:05:21.593384Z,1284313,28921.22000000,0.00013802,sell,2022-05-14 15:05:21.593384+00:00
2022-05-14T15:03:39.755118Z,1284312,28861.95000000,0.00012959,sell,2022-05-14 15:03:39.755118+00:00
2022-05-14T14:56:22.608714Z,1284311,28813.01000000,0.00165795,sell,2022-05-14 14:56:22.608714+00:00
2022-05-14T14:51:14.464694Z,1284310,28784.30000000,0.00001610,sell,2022-05-14 14:51:14.464694+00:00
2022-05-14T14:50:42.103893Z,1284309,28742.67000000,0.00169427,buy,2022-05-14 14:50:42.103893+00:00
2022-05-14T14:50:21.486277Z,1284308,28752.31000000,0.00002451,buy,2022-05-14 14:50:21.486277+00:00
2022-05-14T14:49:37.846055Z,1284307,28803.85000000,0.00026220,sell,2022-05-14 14:49:37.846055+00:00
2022-05-14T14:49:20.821739Z,1284306,28803.22000000,0.00169427,sell,2022-05-14 14:49:20.821739+00:00
2022-05-14T14:49:03.925978Z,1284305,28803.85000000,0.00063942,sell,2022-05-14 14:49:03.925978+00:00
2022-05-14T14:43:52.30856Z,1284304,28889.76000000,0.00020655,sell,2022-05-14 14:43:52.308560+00:00
2022-05-14T14:43:29.547408Z,1284303,28832.73000000,0.00146974,sell,2022-05-14 14:43:29.547408+00:00
2022-05-14T14:41:16.937606Z,1284302,28810.85000000,0.00031131,sell,2022-05-14 14:41:16.937606+00:00
2022-05-14T14:38:38.644772Z,1284301,28805.13000000,0.00013244,sell,2022-05-14 14:38:38.644772+00:00
2022-05-14T14:30:36.364636Z,1284300,28793.84000000,0.00001600,buy,2022-05-14 14:30:36.364636+00:00
2022-05-14T14:28:46.615333Z,1284299,28811.72000000,0.00149675,sell,2022-05-14 14:28:46.615333+00:00
2022-05-14T14:26:29.654725Z,1284298,28753.05000000,0.00027005,buy,2022-05-14 14:26:29.654725+00:00
2022-05-14T14:23:44.002151Z,1284297,28709.77000000,0.00003412,buy,2022-05-14 14:23:44.002151+00:00
2022-05-14T14:23:26.814313Z,1284296,28709.77000000,0.00003622,buy,2022-05-14 14:23:26.814313+00:00
2022-05-14T14:22:50.785857Z,1284295,28709.29000000,0.00111026,buy,2022-05-14 14:22:50.785857+00:00
2022-05-14T14:22:41.881663Z,1284294,28703.08000000,0.00072775,buy,2022-05-14 14:22:41.881663+00:00
2022-05-14T14:19:00.178164Z,1284293,28771.98000000,0.00346363,sell,2022-05-14 14:19:00.178164+00:00
2022-05-14T14:18:53.035048Z,1284292,28732.00000000,0.01773997,sell,2022-05-14 14:18:53.035048+00:00
2022-05-14T14:18:52.947258Z,1284291,28732.00000000,0.11607347,sell,2022-05-14 14:18:52.947258+00:00
2022-05-14T14:18:52.797689Z,1284290,28732.00000000,0.11582031,sell,2022-05-14 14:18:52.797689+00:00
2022-05-14T14:18:52.744568Z,1284289,28732.00000000,0.11687241,sell,2022-05-14 14:18:52.744568+00:00
2022-05-14T14:18:52.648724Z,1284288,28732.00000000,0.12158378,sell,2022-05-14 14:18:52.648724+00:00
2022-05-14T14:18:52.571705Z,1284287,28732.00000000,0.11914500,sell,2022-05-14 14:18:52.571705+00:00
2022-05-14T14:18:52.493418Z,1284286,28732.00000000,0.12082369,sell,2022-05-14 14:18:52.493418+00:00
2022-05-14T14:18:52.347946Z,1284285,28732.00000000,0.11950572,sell,2022-05-14 14:18:52.347946+00:00
2022-05-14T14:18:52.277311Z,1284284,28732.00000000,0.11957591,sell,2022-05-14 14:18:52.277311+00:00
2022-05-14T14:18:52.230294Z,1284283,28732.00000000,0.12085974,sell,2022-05-14 14:18:52.230294+00:00
2022-05-14T14:18:27.29145Z,1284282,28732.00000000,0.07949018,sell,2022-05-14 14:18:27.291450+00:00
2022-05-14T14:18:27.232966Z,1284281,28732.00000000,0.11656052,sell,2022-05-14 14:18:27.232966+00:00
2022-05-14T14:18:27.216443Z,1284280,28732.00000000,1.12016000,sell,2022-05-14 14:18:27.216443+00:00
2022-05-14T14:18:27.12991Z,1284279,28732.00000000,0.11769809,sell,2022-05-14 14:18:27.129910+00:00
2022-05-14T14:18:26.984967Z,1284278,28732.00000000,0.12070893,sell,2022-05-14 14:18:26.984967+00:00
2022-05-14T14:18:26.864356Z,1284277,28732.00000000,0.11618502,sell,2022-05-14 14:18:26.864356+00:00
2022-05-14T14:18:26.80835Z,1284276,28732.00000000,0.11805277,sell,2022-05-14 14:18:26.808350+00:00
2022-05-14T14:18:26.748627Z,1284275,28732.00000000,0.11653290,sell,2022-05-14 14:18:26.748627+00:00
2022-05-14T14:18:26.748627Z,1284274,28731.99000000,0.00273067,sell,2022-05-14 14:18:26.748627+00:00
2022-05-14T14:18:26.727892Z,1284273,28739.89000000,0.08685685,buy,2022-05-14 14:18:26.727892+00:00
2022-05-14T14:18:26.727892Z,1284272,28739.90000000,0.00400000,buy,2022-05-14 14:18:26.727892+00:00
2022-05-14T14:18:26.727892Z,1284271,28739.91000000,0.00187737,buy,2022-05-14 14:18:26.727892+00:00
2022-05-14T14:18:26.727892Z,1284270,28742.79000000,0.00187737,buy,2022-05-14 14:18:26.727892+00:00
2022-05-14T14:16:42.881788Z,1284269,28776.05000000,0.00165953,sell,2022-05-14 14:16:42.881788+00:00
2022-05-14T14:15:38.747097Z,1284268,28711.10000000,0.00006467,sell,2022-05-14 14:15:38.747097+00:00
2022-05-14T14:14:58.018225Z,1284267,28674.44000000,0.00050567,buy,2022-05-14 14:14:58.018225+00:00
2022-05-14T14:13:29.089802Z,1284266,28657.59000000,0.00036069,buy,2022-05-14 14:13:29.089802+00:00
2022-05-14T14:13:29.089802Z,1284265,28657.60000000,0.00400000,buy,2022-05-14 14:13:29.089802+00:00
2022-05-14T14:13:29.089802Z,1284264,28657.60000000,0.00260089,buy,2022-05-14 14:13:29.089802+00:00
2022-05-14T14:10:44.847035Z,1284263,28760.76000000,0.06567461,sell,2022-05-14 14:10:44.847035+00:00
2022-05-14T14:09:51.431682Z,1284262,28668.62000000,0.00002433,buy,2022-05-14 14:09:51.431682+00:00
2022-05-14T14:08:56.810935Z,1284261,28622.96000000,0.00034944,buy,2022-05-14 14:08:56.810935+00:00
2022-05-14T14:07:56.739281Z,1284260,28650.88000000,0.01711009,sell,2022-05-14 14:07:56.739281+00:00
2022-05-14T14:06:36.760142Z,1284259,28656.20000000,0.00693550,sell,2022-05-14 14:06:36.760142+00:00
2022-05-14T14:06:26.747172Z,1284258,28630.48000000,0.00139515,buy,2022-05-14 14:06:26.747172+00:00
2022-05-14T14:06:13.867832Z,1284257,28688.53000000,0.00017375,sell,2022-05-14 14:06:13.867832+00:00
2022-05-14T14:04:38.827784Z,1284256,28695.05000000,0.02541625,sell,2022-05-14 14:04:38.827784+00:00
2022-05-14T14:04:38.827784Z,1284255,28692.49000000,0.00871679,sell,2022-05-14 14:04:38.827784+00:00
2022-05-14T14:03:36.496072Z,1284254,28747.61000000,0.02588746,sell,2022-05-14 14:03:36.496072+00:00
2022-05-14T14:03:36.496072Z,1284253,28746.31000000,0.00869945,sell,2022-05-14 14:03:36.496072+00:00
2022-05-14T14:03:36.496072Z,1284252,28738.88000000,0.00001710,sell,2022-05-14 14:03:36.496072+00:00
2022-05-14T14:02:59.279214Z,1284251,28738.87000000,0.00126132,sell,2022-05-14 14:02:59.279214+00:00
2022-05-14T14:01:35.207327Z,1284250,28800.66000000,0.00062172,sell,2022-05-14 14:01:35.207327+00:00
2022-05-14T14:01:35.207327Z,1284249,28782.14000000,0.00001778,sell,2022-05-14 14:01:35.207327+00:00
2022-05-14T13:59:57.036673Z,1284248,28791.80000000,0.00345670,sell,2022-05-14 13:59:57.036673+00:00
2022-05-14T13:59:08.789367Z,1284247,28778.10000000,0.00025957,buy,2022-05-14 13:59:08.789367+00:00
2022-05-14T13:58:19.144111Z,1284246,28837.06000000,0.00013838,sell,2022-05-14 13:58:19.144111+00:00
2022-05-14T13:58:04.325744Z,1284245,28828.01000000,0.01035468,sell,2022-05-14 13:58:04.325744+00:00
2022-05-14T13:58:03.658778Z,1284244,28828.01000000,0.00002433,sell,2022-05-14 13:58:03.658778+00:00
2022-05-14T13:57:04.104941Z,1284243,28814.19000000,0.01208082,sell,2022-05-14 13:57:04.104941+00:00
2022-05-14T13:57:04.104941Z,1284242,28813.88000000,0.00867905,sell,2022-05-14 13:57:04.104941+00:00
2022-05-14T13:57:04.104941Z,1284241,28813.87000000,0.00254770,sell,2022-05-14 13:57:04.104941+00:00
2022-05-14T13:55:01.996807Z,1284240,28751.60000000,0.00111472,buy,2022-05-14 13:55:01.996807+00:00
2022-05-14T13:51:42.469539Z,1284239,28777.36000000,0.00018297,sell,2022-05-14 13:51:42.469539+00:00
2022-05-14T13:50:12.109466Z,1284238,28803.20000000,0.00001660,sell,2022-05-14 13:50:12.109466+00:00
2022-05-14T13:48:37.808496Z,1284237,28726.58000000,0.00059999,sell,2022-05-14 13:48:37.808496+00:00
2022-05-14T13:48:22.413952Z,1284236,28721.59000000,0.00273067,buy,2022-05-14 13:48:22.413952+00:00
2022-05-14T13:47:10.516609Z,1284235,28792.14000000,0.00384909,buy,2022-05-14 13:47:10.516609+00:00
2022-05-14T13:47:10.516609Z,1284234,28805.30000000,0.00249292,buy,2022-05-14 13:47:10.516609+00:00
2022-05-14T13:38:43.263198Z,1284233,28857.29000000,0.00831281,sell,2022-05-14 13:38:43.263198+00:00
2022-05-14T13:38:43.263198Z,1284232,28848.93000000,0.00866851,sell,2022-05-14 13:38:43.263198+00:00
2022-05-14T13:38:43.263198Z,1284231,28839.55000000,0.00002500,sell,2022-05-14 13:38:43.263198+00:00
2022-05-14T13:38:04.329795Z,1284230,28839.55000000,0.00279582,sell,2022-05-14 13:38:04.329795+00:00
2022-05-14T13:38:04.329795Z,1284229,28828.99000000,0.00065597,sell,2022-05-14 13:38:04.329795+00:00
2022-05-14T13:36:52.93028Z,1284228,28828.99000000,0.00111472,sell,2022-05-14 13:36:52.930280+00:00
2022-05-14T13:35:08.131457Z,1284227,28908.36000000,0.00080869,sell,2022-05-14 13:35:08.131457+00:00
2022-05-14T13:33:51.279895Z,1284226,28931.66000000,0.00080895,sell,2022-05-14 13:33:51.279895+00:00
2022-05-14T13:33:35.015864Z,1284225,28906.95000000,0.00013814,sell,2022-05-14 13:33:35.015864+00:00
2022-05-14T13:33:28.919245Z,1284224,28953.08000000,0.02973279,sell,2022-05-14 13:33:28.919245+00:00
2022-05-14T13:33:28.919245Z,1284223,28950.31000000,0.00684819,sell,2022-05-14 13:33:28.919245+00:00
2022-05-14T13:33:28.919245Z,1284222,28928.35000000,0.00436259,sell,2022-05-14 13:33:28.919245+00:00
2022-05-14T13:33:28.919245Z,1284221,28927.28000000,0.00262712,sell,2022-05-14 13:33:28.919245+00:00
2022-05-14T13:33:28.919245Z,1284220,28918.80000000,0.25968607,sell,2022-05-14 13:33:28.919245+00:00
2022-05-14T13:33:28.919245Z,1284219,28892.98000000,0.08657077,sell,2022-05-14 13:33:28.919245+00:00
2022-05-14T13:33:28.919245Z,1284218,28884.80000000,0.04000000,sell,2022-05-14 13:33:28.919245+00:00
2022-05-14T13:33:28.919245Z,1284217,28883.82000000,0.00865804,sell,2022-05-14 13:33:28.919245+00:00
2022-05-14T13:33:28.919245Z,1284216,28883.81000000,0.00350000,sell,2022-05-14 13:33:28.919245+00:00
2022-05-14T13:33:28.919245Z,1284215,28883.81000000,0.00177068,sell,2022-05-14 13:33:28.919245+00:00
2022-05-14T13:29:37.960677Z,1284214,28922.16000000,0.00016376,sell,2022-05-14 13:29:37.960677+00:00
2022-05-14T13:26:06.244395Z,1284213,28968.49000000,0.00032219,sell,2022-05-14 13:26:06.244395+00:00
2022-05-14T13:22:11.292301Z,1284212,28832.82000000,0.00001608,sell,2022-05-14 13:22:11.292301+00:00
2022-05-14T13:21:54.252249Z,1284211,28801.83000000,0.00004887,buy,2022-05-14 13:21:54.252249+00:00
2022-05-14T13:14:06.268836Z,1284210,28870.93000000,0.00002012,sell,2022-05-14 13:14:06.268836+00:00
2022-05-14T13:14:06.268836Z,1284209,28870.93000000,0.00001718,sell,2022-05-14 13:14:06.268836+00:00
2022-05-14T13:11:55.117356Z,1284208,28856.76000000,0.00002280,sell,2022-05-14 13:11:55.117356+00:00
2022-05-14T13:07:19.002031Z,1284207,28969.30000000,0.00013768,sell,2022-05-14 13:07:19.002031+00:00
2022-05-14T13:04:43.311761Z,1284206,28940.57000000,0.00164882,sell,2022-05-14 13:04:43.311761+00:00
2022-05-14T13:03:07.546805Z,1284205,29001.68000000,0.00071601,buy,2022-05-14 13:03:07.546805+00:00
2022-05-14T13:00:33.060969Z,1284204,29067.23000000,0.00001859,sell,2022-05-14 13:00:33.060969+00:00
2022-05-14T13:00:08.036844Z,1284203,29020.03000000,0.00001931,sell,2022-05-14 13:00:08.036844+00:00
2022-05-14T13:00:03.731419Z,1284202,29001.68000000,0.00201467,buy,2022-05-14 13:00:03.731419+00:00
2022-05-14T12:58:49.587258Z,1284201,28963.85000000,0.04508322,buy,2022-05-14 12:58:49.587258+00:00
2022-05-14T12:58:49.587258Z,1284200,28968.27000000,0.00861957,buy,2022-05-14 12:58:49.587258+00:00
2022-05-14T12:58:49.587258Z,1284199,28968.28000000,0.00400000,buy,2022-05-14 12:58:49.587258+00:00
2022-05-14T12:58:49.587258Z,1284198,28968.28000000,0.00273067,buy,2022-05-14 12:58:49.587258+00:00
2022-05-14T12:52:25.080658Z,1284197,29061.00000000,0.00369817,sell,2022-05-14 12:52:25.080658+00:00
2022-05-14T12:51:44.713868Z,1284196,29044.76000000,0.00001720,buy,2022-05-14 12:51:44.713868+00:00
2022-05-14T12:45:43.896633Z,1284195,29102.64000000,0.00164189,sell,2022-05-14 12:45:43.896633+00:00
2022-05-14T12:45:16.261853Z,1284194,29068.95000000,0.00052458,sell,2022-05-14 12:45:16.261853+00:00
2022-05-14T12:45:16.261853Z,1284193,29068.94000000,0.00149102,sell,2022-05-14 12:45:16.261853+00:00
2022-05-14T12:44:33.582365Z,1284192,29026.83000000,0.00008985,buy,2022-05-14 12:44:33.582365+00:00
2022-05-14T12:44:32.368382Z,1284191,29026.83000000,0.00008365,buy,2022-05-14 12:44:32.368382+00:00
2022-05-14T12:44:21.868043Z,1284190,29074.91000000,0.00504893,sell,2022-05-14 12:44:21.868043+00:00
2022-05-14T12:43:27.36691Z,1284189,29074.75000000,0.00201467,sell,2022-05-14 12:43:27.366910+00:00
2022-05-14T12:43:07.521481Z,1284188,29050.27000000,0.00010260,buy,2022-05-14 12:43:07.521481+00:00
2022-05-14T12:38:23.139827Z,1284187,29095.12000000,0.00030827,sell,2022-05-14 12:38:23.139827+00:00
2022-05-14T12:29:15.491363Z,1284186,29135.48000000,0.00002065,sell,2022-05-14 12:29:15.491363+00:00
2022-05-14T12:28:16.305329Z,1284185,29084.83000000,0.00842893,sell,2022-05-14 12:28:16.305329+00:00
2022-05-14T12:27:59.567487Z,1284184,29049.02000000,0.00001696,buy,2022-05-14 12:27:59.567487+00:00
2022-05-14T12:19:54.850589Z,1284183,28861.21000000,0.00001730,buy,2022-05-14 12:19:54.850589+00:00
2022-05-14T12:19:34.260675Z,1284182,28899.98000000,0.00811977,sell,2022-05-14 12:19:34.260675+00:00
2022-05-14T12:16:35.049873Z,1284181,28958.16000000,0.02854852,sell,2022-05-14 12:16:35.049873+00:00
2022-05-14T12:16:35.049873Z,1284180,28958.15000000,0.00350000,sell,2022-05-14 12:16:35.049873+00:00
2022-05-14T12:16:35.049873Z,1284179,28956.98000000,0.00863606,sell,2022-05-14 12:16:35.049873+00:00
2022-05-14T12:14:01.209763Z,1284178,28906.98000000,0.00003435,sell,2022-05-14 12:14:01.209763+00:00
2022-05-14T12:13:06.992009Z,1284177,28927.09000000,0.00024191,sell,2022-05-14 12:13:06.992009+00:00
2022-05-14T12:11:37.35446Z,1284176,28965.21000000,0.00779774,sell,2022-05-14 12:11:37.354460+00:00
2022-05-14T12:11:37.35446Z,1284175,28961.03000000,0.04000000,sell,2022-05-14 12:11:37.354460+00:00
2022-05-14T12:11:37.35446Z,1284174,28961.02000000,0.00400000,sell,2022-05-14 12:11:37.354460+00:00
2022-05-14T12:11:37.35446Z,1284173,28959.23000000,0.00863572,sell,2022-05-14 12:11:37.354460+00:00
2022-05-14T12:10:29.62329Z,1284172,28935.48000000,0.00002455,buy,2022-05-14 12:10:29.623290+00:00
2022-05-14T12:10:03.490331Z,1284171,28941.14000000,0.00118066,buy,2022-05-14 12:10:03.490331+00:00
2022-05-14T12:07:27.78136Z,1284170,28986.41000000,0.00006525,sell,2022-05-14 12:07:27.781360+00:00
2022-05-14T12:03:00.685091Z,1284169,28972.26000000,0.00016903,sell,2022-05-14 12:03:00.685091+00:00
2022-05-14T12:02:38.371325Z,1284168,28973.17000000,0.00074382,sell,2022-05-14 12:02:38.371325+00:00
2022-05-14T11:59:27.545373Z,1284167,29010.66000000,0.00001678,sell,2022-05-14 11:59:27.545373+00:00
2022-05-14T11:58:53.061421Z,1284166,28993.99000000,0.00001840,buy,2022-05-14 11:58:53.061421+00:00
2022-05-14T11:57:26.183989Z,1284165,29009.52000000,0.00077890,sell,2022-05-14 11:57:26.183989+00:00
2022-05-14T11:56:36.347173Z,1284164,28995.99000000,0.00116431,sell,2022-05-14 11:56:36.347173+00:00
2022-05-14T11:56:06.898556Z,1284163,28995.99000000,0.00130370,sell,2022-05-14 11:56:06.898556+00:00
2022-05-14T11:55:20.902479Z,1284162,28946.72000000,0.00004801,sell,2022-05-14 11:55:20.902479+00:00
2022-05-14T11:53:15.847121Z,1284161,28946.72000000,0.00118066,sell,2022-05-14 11:53:15.847121+00:00
2022-05-14T11:52:01.744704Z,1284160,28952.85000000,0.00003384,sell,2022-05-14 11:52:01.744704+00:00
2022-05-14T11:47:42.168066Z,1284159,28856.45000000,0.00002119,sell,2022-05-14 11:47:42.168066+00:00
2022-05-14T11:45:12.842209Z,1284158,28804.35000000,0.00036560,buy,2022-05-14 11:45:12.842209+00:00
2022-05-14T11:45:12.842209Z,1284157,28807.06000000,0.00866760,buy,2022-05-14 11:45:12.842209+00:00
2022-05-14T11:45:12.842209Z,1284156,28807.07000000,0.00400000,buy,2022-05-14 11:45:12.842209+00:00
2022-05-14T11:45:12.842209Z,1284155,28807.07000000,0.00214444,buy,2022-05-14 11:45:12.842209+00:00
2022-05-14T11:36:33.182694Z,1284154,28844.44000000,0.00024532,buy,2022-05-14 11:36:33.182694+00:00
2022-05-14T11:34:07.275038Z,1284153,28879.89000000,0.00004000,sell,2022-05-14 11:34:07.275038+00:00
2022-05-14T11:29:24.697846Z,1284152,28908.77000000,0.00476716,buy,2022-05-14 11:29:24.697846+00:00
2022-05-14T11:29:24.128728Z,1284151,28918.38000000,0.00334736,buy,2022-05-14 11:29:24.128728+00:00
2022-05-14T11:26:53.397672Z,1284150,28928.66000000,0.00235391,buy,2022-05-14 11:26:53.397672+00:00
2022-05-14T11:23:52.880811Z,1284149,28975.94000000,0.00144442,sell,2022-05-14 11:23:52.880811+00:00
2022-05-14T11:23:52.880811Z,1284148,28975.93000000,0.00400000,sell,2022-05-14 11:23:52.880811+00:00
2022-05-14T11:23:52.880811Z,1284147,28969.71000000,0.00863261,sell,2022-05-14 11:23:52.880811+00:00
2022-05-14T11:23:52.880811Z,1284146,28969.70000000,0.00086400,sell,2022-05-14 11:23:52.880811+00:00
2022-05-14T11:21:34.936901Z,1284145,29034.85000000,0.00024532,sell,2022-05-14 11:21:34.936901+00:00
2022-05-14T11:21:03.475832Z,1284144,28990.24000000,0.00007854,sell,2022-05-14 11:21:03.475832+00:00
2022-05-14T11:17:56.326336Z,1284143,28998.08000000,0.00021442,sell,2022-05-14 11:17:56.326336+00:00
2022-05-14T11:15:06.705023Z,1284142,28979.35000000,0.00106427,sell,2022-05-14 11:15:06.705023+00:00
2022-05-14T11:13:10.970472Z,1284141,29009.51000000,0.00001640,sell,2022-05-14 11:13:10.970472+00:00
2022-05-14T11:12:06.587692Z,1284140,29085.62000000,0.00003420,sell,2022-05-14 11:12:06.587692+00:00
2022-05-14T11:11:26.303989Z,1284139,29087.25000000,0.00084800,sell,2022-05-14 11:11:26.303989+00:00
2022-05-14T11:10:37.432059Z,1284138,29181.84000000,0.00175691,sell,2022-05-14 11:10:37.432059+00:00
2022-05-14T11:10:37.432059Z,1284137,29181.83000000,0.00400000,sell,2022-05-14 11:10:37.432059+00:00
2022-05-14T11:10:37.432059Z,1284136,29181.82000000,0.00273067,sell,2022-05-14 11:10:37.432059+00:00
2022-05-14T11:10:35.980125Z,1284135,29169.69000000,0.00100000,buy,2022-05-14 11:10:35.980125+00:00
2022-05-14T11:08:03.1531Z,1284134,29207.97000000,0.00596009,buy,2022-05-14 11:08:03.153100+00:00
2022-05-14T11:08:03.1531Z,1284133,29207.98000000,0.00400000,buy,2022-05-14 11:08:03.153100+00:00
2022-05-14T11:08:03.1531Z,1284132,29207.98000000,0.00188651,buy,2022-05-14 11:08:03.153100+00:00
2022-05-14T11:06:28.801458Z,1284131,29252.19000000,0.00265533,buy,2022-05-14 11:06:28.801458+00:00
2022-05-14T11:06:28.801458Z,1284130,29252.20000000,0.00400000,buy,2022-05-14 11:06:28.801458+00:00
2022-05-14T11:06:28.801458Z,1284129,29252.20000000,0.00188650,buy,2022-05-14 11:06:28.801458+00:00
2022-05-14T11:05:34.193018Z,1284128,29271.70000000,0.00285349,sell,2022-05-14 11:05:34.193018+00:00
2022-05-14T11:05:34.193018Z,1284127,29271.69000000,0.00400000,sell,2022-05-14 11:05:34.193018+00:00
2022-05-14T11:05:34.193018Z,1284126,29259.67000000,0.00168834,sell,2022-05-14 11:05:34.193018+00:00
2022-05-14T11:04:48.328097Z,1284125,29232.21000000,0.00004284,sell,2022-05-14 11:04:48.328097+00:00
2022-05-14T10:57:57.082483Z,1284124,29186.78000000,0.00005754,buy,2022-05-14 10:57:57.082483+00:00
2022-05-14T10:57:43.533339Z,1284123,29203.66000000,0.00001660,sell,2022-05-14 10:57:43.533339+00:00
2022-05-14T10:55:56.513368Z,1284122,29208.68000000,0.00003880,sell,2022-05-14 10:55:56.513368+00:00
2022-05-14T10:54:31.20129Z,1284121,29175.42000000,0.00020390,buy,2022-05-14 10:54:31.201290+00:00
2022-05-14T10:50:00.021568Z,1284120,29286.00000000,0.00012749,buy,2022-05-14 10:50:00.021568+00:00
2022-05-14T10:47:14.697349Z,1284119,29306.43000000,0.00004369,sell,2022-05-14 10:47:14.697349+00:00
2022-05-14T10:45:02.724011Z,1284118,29266.30000000,0.00076920,buy,2022-05-14 10:45:02.724011+00:00
2022-05-14T10:43:12.257349Z,1284117,29315.92000000,0.00020012,sell,2022-05-14 10:43:12.257349+00:00
2022-05-14T10:42:16.023086Z,1284116,29304.84000000,0.01203303,buy,2022-05-14 10:42:16.023086+00:00
2022-05-14T10:33:24.056903Z,1284115,29328.35000000,0.00020390,sell,2022-05-14 10:33:24.056903+00:00
2022-05-14T10:30:45.005324Z,1284114,29332.28000000,0.00020912,buy,2022-05-14 10:30:45.005324+00:00
2022-05-14T10:28:18.119027Z,1284113,29304.84000000,0.00267398,buy,2022-05-14 10:28:18.119027+00:00
2022-05-14T10:28:14.693313Z,1284112,29348.81000000,0.00377790,sell,2022-05-14 10:28:14.693313+00:00
2022-05-14T10:28:14.693313Z,1284111,29348.80000000,0.00171200,sell,2022-05-14 10:28:14.693313+00:00
2022-05-14T10:27:38.87809Z,1284110,29366.35000000,0.00071380,sell,2022-05-14 10:27:38.878090+00:00
2022-05-14T10:27:38.87809Z,1284109,29359.63000000,0.00005540,sell,2022-05-14 10:27:38.878090+00:00
2022-05-14T10:26:37.746277Z,1284108,29306.26000000,0.00003981,sell,2022-05-14 10:26:37.746277+00:00
2022-05-14T10:25:08.14431Z,1284107,29303.72000000,0.00005269,sell,2022-05-14 10:25:08.144310+00:00
2022-05-14T10:24:57.578917Z,1284106,29299.74000000,0.00021235,sell,2022-05-14 10:24:57.578917+00:00
2022-05-14T10:16:32.572926Z,1284105,29338.86000000,0.00172979,sell,2022-05-14 10:16:32.572926+00:00
2022-05-14T10:11:39.290098Z,1284104,29387.45000000,0.00008365,sell,2022-05-14 10:11:39.290098+00:00
2022-05-14T10:08:48.830594Z,1284103,29360.38000000,0.00002649,buy,2022-05-14 10:08:48.830594+00:00
2022-05-14T10:08:24.603435Z,1284102,29363.74000000,0.00003687,sell,2022-05-14 10:08:24.603435+00:00
2022-05-14T10:08:24.603435Z,1284101,29363.73000000,0.00171200,sell,2022-05-14 10:08:24.603435+00:00
2022-05-14T10:06:24.196769Z,1284100,29315.65000000,0.00272028,sell,2022-05-14 10:06:24.196769+00:00
2022-05-14T10:05:42.740262Z,1284099,29345.07000000,0.00061344,sell,2022-05-14 10:05:42.740262+00:00
2022-05-14T10:05:29.661884Z,1284098,29341.29000000,0.00007583,buy,2022-05-14 10:05:29.661884+00:00
2022-05-14T10:05:19.748038Z,1284097,29342.56000000,0.00019660,buy,2022-05-14 10:05:19.748038+00:00
2022-05-14T10:04:12.828012Z,1284096,29390.58000000,0.00272028,sell,2022-05-14 10:04:12.828012+00:00
2022-05-14T10:03:32.573124Z,1284095,29423.41000000,0.00426650,sell,2022-05-14 10:03:32.573124+00:00
2022-05-14T10:03:09.615391Z,1284094,29387.89000000,0.00272118,sell,2022-05-14 10:03:09.615391+00:00
2022-05-14T10:02:59.727758Z,1284093,29376.65000000,0.00034513,buy,2022-05-14 10:02:59.727758+00:00
2022-05-14T10:02:20.724775Z,1284092,29364.56000000,0.00271169,buy,2022-05-14 10:02:20.724775+00:00
2022-05-14T09:53:00.004938Z,1284091,29334.87000000,0.00001830,sell,2022-05-14 09:53:00.004938+00:00
2022-05-14T09:53:00.004938Z,1284090,29334.85000000,0.00273067,sell,2022-05-14 09:53:00.004938+00:00
2022-05-14T09:49:46.451056Z,1284089,29330.43000000,0.00684800,buy,2022-05-14 09:49:46.451056+00:00
2022-05-14T09:46:03.587049Z,1284088,29336.30000000,0.00021588,buy,2022-05-14 09:46:03.587049+00:00
2022-05-14T09:45:38.80925Z,1284087,29355.17000000,0.00002380,sell,2022-05-14 09:45:38.809250+00:00
2022-05-14T09:45:04.019192Z,1284086,29312.26000000,0.00140342,buy,2022-05-14 09:45:04.019192+00:00
2022-05-14T09:45:04.019192Z,1284085,29312.27000000,0.00219334,buy,2022-05-14 09:45:04.019192+00:00
2022-05-14T09:45:03.283642Z,1284084,29312.26000000,0.00423954,buy,2022-05-14 09:45:03.283642+00:00
2022-05-14T09:45:03.283642Z,1284083,29312.27000000,0.00139655,buy,2022-05-14 09:45:03.283642+00:00
2022-05-14T09:45:03.236889Z,1284082,29355.17000000,0.00079679,sell,2022-05-14 09:45:03.236889+00:00
2022-05-14T09:40:59.450376Z,1284081,29351.01000000,0.00001702,sell,2022-05-14 09:40:59.450376+00:00
2022-05-14T09:39:45.59007Z,1284080,29343.35000000,0.00012368,buy,2022-05-14 09:39:45.590070+00:00
2022-05-14T09:38:40.164039Z,1284079,29388.87000000,0.00065255,sell,2022-05-14 09:38:40.164039+00:00
2022-05-14T09:37:53.790763Z,1284078,29349.68000000,0.00003307,buy,2022-05-14 09:37:53.790763+00:00
2022-05-14T09:36:44.037492Z,1284077,29394.52000000,0.00004509,sell,2022-05-14 09:36:44.037492+00:00
2022-05-14T09:35:44.771573Z,1284076,29394.23000000,0.00004177,sell,2022-05-14 09:35:44.771573+00:00
2022-05-14T09:35:36.414831Z,1284075,29394.25000000,0.00003307,sell,2022-05-14 09:35:36.414831+00:00
2022-05-14T09:33:44.27716Z,1284074,29350.00000000,0.00050000,buy,2022-05-14 09:33:44.277160+00:00
2022-05-14T09:30:42.589202Z,1284073,29411.81000000,0.00002449,buy,2022-05-14 09:30:42.589202+00:00
2022-05-14T09:30:42.589202Z,1284072,29411.81000000,0.00010819,buy,2022-05-14 09:30:42.589202+00:00
2022-05-14T09:30:42.589202Z,1284071,29411.81000000,0.00002872,buy,2022-05-14 09:30:42.589202+00:00
2022-05-14T09:27:22.700986Z,1284070,29452.90000000,0.00292608,sell,2022-05-14 09:27:22.700986+00:00
2022-05-14T09:27:22.700986Z,1284069,29452.89000000,0.00271001,sell,2022-05-14 09:27:22.700986+00:00
2022-05-14T09:26:41.019912Z,1284068,29452.89000000,0.00117951,buy,2022-05-14 09:26:41.019912+00:00
2022-05-14T09:26:15.555973Z,1284067,29459.66000000,0.00002554,buy,2022-05-14 09:26:15.555973+00:00
2022-05-14T09:24:29.098362Z,1284066,29479.51000000,0.00011147,buy,2022-05-14 09:24:29.098362+00:00
2022-05-14T09:22:18.802555Z,1284065,29499.35000000,0.00004132,sell,2022-05-14 09:22:18.802555+00:00
2022-05-14T09:14:55.083933Z,1284064,29452.89000000,0.00018182,buy,2022-05-14 09:14:55.083933+00:00
2022-05-14T09:13:56.737851Z,1284063,29452.89000000,0.00002344,buy,2022-05-14 09:13:56.737851+00:00
2022-05-14T09:12:51.736075Z,1284062,29486.76000000,0.00002362,buy,2022-05-14 09:12:51.736075+00:00
2022-05-14T09:11:46.998153Z,1284061,29507.01000000,0.00001641,buy,2022-05-14 09:11:46.998153+00:00
2022-05-14T09:11:24.020345Z,1284060,29501.87000000,0.00271169,buy,2022-05-14 09:11:24.020345+00:00
2022-05-14T09:10:25.768785Z,1284059,29456.29000000,0.00002251,buy,2022-05-14 09:10:25.768785+00:00
2022-05-14T09:10:25.768785Z,1284058,29470.79000000,0.00138477,buy,2022-05-14 09:10:25.768785+00:00
2022-05-14T09:05:42.236631Z,1284057,29414.37000000,0.00271278,sell,2022-05-14 09:05:42.236631+00:00
2022-05-14T09:04:47.064709Z,1284056,29399.67000000,0.00015761,buy,2022-05-14 09:04:47.064709+00:00
2022-05-14T09:04:47.064709Z,1284055,29432.63000000,0.00001636,buy,2022-05-14 09:04:47.064709+00:00
2022-05-14T09:04:04.316184Z,1284054,29476.54000000,0.00017320,sell,2022-05-14 09:04:04.316184+00:00
2022-05-14T09:02:36.20966Z,1284053,29492.06000000,0.00013526,sell,2022-05-14 09:02:36.209660+00:00
2022-05-14T09:01:40.190861Z,1284052,29471.20000000,0.00000269,sell,2022-05-14 09:01:40.190861+00:00
2022-05-14T09:01:40.190861Z,1284051,29471.18000000,0.00271009,sell,2022-05-14 09:01:40.190861+00:00
2022-05-14T08:58:36.245078Z,1284050,29472.46000000,0.00010178,buy,2022-05-14 08:58:36.245078+00:00
2022-05-14T08:56:04.726138Z,1284049,29507.34000000,0.00001907,sell,2022-05-14 08:56:04.726138+00:00
2022-05-14T08:54:11.744688Z,1284048,29489.51000000,0.00004116,sell,2022-05-14 08:54:11.744688+00:00
2022-05-14T08:52:36.499152Z,1284047,29462.12000000,0.04743485,buy,2022-05-14 08:52:36.499152+00:00
2022-05-14T08:52:36.499152Z,1284046,29467.98000000,0.00847412,buy,2022-05-14 08:52:36.499152+00:00
2022-05-14T08:52:36.499152Z,1284045,29467.99000000,0.00400000,buy,2022-05-14 08:52:36.499152+00:00
2022-05-14T08:52:36.499152Z,1284044,29470.49000000,0.00142023,buy,2022-05-14 08:52:36.499152+00:00
2022-05-14T08:52:36.499152Z,1284043,29473.99000000,0.00142023,buy,2022-05-14 08:52:36.499152+00:00
2022-05-14T08:51:51.716242Z,1284042,29508.66000000,0.00022626,sell,2022-05-14 08:51:51.716242+00:00
2022-05-14T08:51:18.453634Z,1284041,29474.84000000,0.00187262,buy,2022-05-14 08:51:18.453634+00:00
2022-05-14T08:51:18.453634Z,1284040,29474.84000000,0.00261421,buy,2022-05-14 08:51:18.453634+00:00
2022-05-14T08:51:10.553666Z,1284039,29502.37000000,0.00013327,sell,2022-05-14 08:51:10.553666+00:00
2022-05-14T08:50:30.719701Z,1284038,29449.14000000,0.00033915,buy,2022-05-14 08:50:30.719701+00:00
2022-05-14T08:47:54.273134Z,1284037,29430.16000000,0.00002160,sell,2022-05-14 08:47:54.273134+00:00
2022-05-14T08:44:00.837886Z,1284036,29363.94000000,0.00023293,buy,2022-05-14 08:44:00.837886+00:00
2022-05-14T08:33:31.57507Z,1284035,29464.70000000,0.00007035,sell,2022-05-14 08:33:31.575070+00:00
2022-05-14T08:32:45.627907Z,1284034,29449.30000000,0.00002100,buy,2022-05-14 08:32:45.627907+00:00
2022-05-14T08:30:05.805941Z,1284033,29400.89000000,0.00001600,sell,2022-05-14 08:30:05.805941+00:00
2022-05-14T08:27:51.906458Z,1284032,29333.44000000,0.00001740,sell,2022-05-14 08:27:51.906458+00:00
2022-05-14T08:26:25.304118Z,1284031,29346.34000000,0.00056148,sell,2022-05-14 08:26:25.304118+00:00
2022-05-14T08:18:59.040697Z,1284030,29366.38000000,0.00394112,sell,2022-05-14 08:18:59.040697+00:00
2022-05-14T08:18:59.040697Z,1284029,29366.35000000,0.00273067,sell,2022-05-14 08:18:59.040697+00:00
2022-05-14T08:17:08.875254Z,1284028,29366.68000000,0.02719358,sell,2022-05-14 08:17:08.875254+00:00
2022-05-14T08:17:08.875254Z,1284027,29366.67000000,0.00400000,sell,2022-05-14 08:17:08.875254+00:00
2022-05-14T08:17:08.875254Z,1284026,29366.67000000,0.00273067,sell,2022-05-14 08:17:08.875254+00:00
2022-05-14T08:13:37.670816Z,1284025,29312.70000000,0.03715079,buy,2022-05-14 08:13:37.670816+00:00
2022-05-14T08:13:37.670816Z,1284024,29312.72000000,0.00206274,buy,2022-05-14 08:13:37.670816+00:00
2022-05-14T08:13:37.670816Z,1284023,29317.47000000,0.00851752,buy,2022-05-14 08:13:37.670816+00:00
2022-05-14T08:13:37.670816Z,1284022,29317.48000000,0.00400000,buy,2022-05-14 08:13:37.670816+00:00
2022-05-14T08:13:37.670816Z,1284021,29323.71000000,0.00206274,buy,2022-05-14 08:13:37.670816+00:00
2022-05-14T08:05:10.015413Z,1284020,29292.37000000,0.00003570,buy,2022-05-14 08:05:10.015413+00:00
2022-05-14T08:05:08.61619Z,1284019,29339.20000000,0.00162791,sell,2022-05-14 08:05:08.616190+00:00
2022-05-14T07:58:15.436608Z,1284018,29345.57000000,0.00513600,buy,2022-05-14 07:58:15.436608+00:00
2022-05-14T07:52:21.917889Z,1284017,29393.51000000,0.00158346,sell,2022-05-14 07:52:21.917889+00:00
2022-05-14T07:52:21.917889Z,1284016,29393.51000000,0.00288177,sell,2022-05-14 07:52:21.917889+00:00
2022-05-14T07:52:21.917889Z,1284015,29380.12000000,0.00002160,sell,2022-05-14 07:52:21.917889+00:00
2022-05-14T07:44:10.800605Z,1284014,29430.65000000,0.00030455,sell,2022-05-14 07:44:10.800605+00:00
2022-05-14T07:36:45.805392Z,1284013,29482.47000000,0.00003391,sell,2022-05-14 07:36:45.805392+00:00
2022-05-14T07:34:48.247969Z,1284012,29457.41000000,0.00003518,sell,2022-05-14 07:34:48.247969+00:00
2022-05-14T07:34:15.469782Z,1284011,29467.46000000,0.00003393,sell,2022-05-14 07:34:15.469782+00:00
2022-05-14T07:27:21.016507Z,1284010,29501.08000000,0.00081493,sell,2022-05-14 07:27:21.016507+00:00
2022-05-14T07:27:21.016507Z,1284009,29479.52000000,0.00262822,sell,2022-05-14 07:27:21.016507+00:00
2022-05-14T07:25:32.580727Z,1284008,29433.70000000,0.00006158,buy,2022-05-14 07:25:32.580727+00:00
2022-05-14T07:19:46.233538Z,1284007,29426.71000000,0.00003470,buy,2022-05-14 07:19:46.233538+00:00
2022-05-14T07:10:47.481217Z,1284006,29475.37000000,0.00010757,sell,2022-05-14 07:10:47.481217+00:00
2022-05-14T07:09:42.706964Z,1284005,29468.14000000,0.00015730,sell,2022-05-14 07:09:42.706964+00:00
2022-05-14T07:09:04.700727Z,1284004,29468.14000000,0.00006328,sell,2022-05-14 07:09:04.700727+00:00
2022-05-14T07:09:04.700727Z,1284003,29457.17000000,0.00007215,sell,2022-05-14 07:09:04.700727+00:00
2022-05-14T07:00:59.166147Z,1284002,29450.45000000,0.00004129,sell,2022-05-14 07:00:59.166147+00:00
2022-05-14T07:00:06.011652Z,1284001,29412.64000000,0.00014623,buy,2022-05-14 07:00:06.011652+00:00
2022-05-14T06:58:57.465832Z,1284000,29450.45000000,0.00006687,sell,2022-05-14 06:58:57.465832+00:00
2022-05-14T06:50:26.025029Z,1283999,29424.65000000,0.04522409,sell,2022-05-14 06:50:26.025029+00:00
2022-05-14T06:49:23.812082Z,1283998,29349.71000000,0.00001600,buy,2022-05-14 06:49:23.812082+00:00
2022-05-14T06:45:15.67779Z,1283997,29444.83000000,0.00001600,sell,2022-05-14 06:45:15.677790+00:00
2022-05-14T06:36:17.930245Z,1283996,29430.75000000,0.00063350,buy,2022-05-14 06:36:17.930245+00:00
2022-05-14T06:35:48.884827Z,1283995,29429.89000000,0.00001600,buy,2022-05-14 06:35:48.884827+00:00
2022-05-14T06:34:45.85271Z,1283994,29410.11000000,0.00110830,buy,2022-05-14 06:34:45.852710+00:00
2022-05-14T06:25:36.176425Z,1283993,29334.39000000,0.00000118,buy,2022-05-14 06:25:36.176425+00:00
2022-05-14T06:25:36.176425Z,1283992,29359.31000000,0.00005620,buy,2022-05-14 06:25:36.176425+00:00
2022-05-14T06:25:36.176425Z,1283991,29375.89000000,0.00006649,buy,2022-05-14 06:25:36.176425+00:00
2022-05-14T06:25:11.851646Z,1283990,29425.63000000,0.00166971,sell,2022-05-14 06:25:11.851646+00:00
2022-05-14T06:25:11.851646Z,1283989,29425.63000000,0.00161263,sell,2022-05-14 06:25:11.851646+00:00
2022-05-14T06:24:27.529745Z,1283988,29359.30000000,0.00322392,buy,2022-05-14 06:24:27.529745+00:00
2022-05-14T06:24:27.529745Z,1283987,29359.31000000,0.00350000,buy,2022-05-14 06:24:27.529745+00:00
2022-05-14T06:23:40.572557Z,1283986,29431.45000000,0.00001600,sell,2022-05-14 06:23:40.572557+00:00
2022-05-14T06:18:23.065566Z,1283985,29345.89000000,0.00001863,sell,2022-05-14 06:18:23.065566+00:00
2022-05-14T06:17:58.803799Z,1283984,29314.41000000,0.00163126,sell,2022-05-14 06:17:58.803799+00:00
2022-05-14T06:14:41.784227Z,1283983,29318.72000000,0.00001600,sell,2022-05-14 06:14:41.784227+00:00
2022-05-14T06:11:40.421728Z,1283982,29342.81000000,0.00010134,sell,2022-05-14 06:11:40.421728+00:00
2022-05-14T06:10:45.14633Z,1283981,29276.17000000,0.00001600,buy,2022-05-14 06:10:45.146330+00:00
2022-05-14T06:08:25.942512Z,1283980,29354.20000000,0.00030549,sell,2022-05-14 06:08:25.942512+00:00
2022-05-14T06:07:13.015066Z,1283979,29344.80000000,0.00033902,sell,2022-05-14 06:07:13.015066+00:00
2022-05-14T06:06:44.91609Z,1283978,29268.09000000,0.00097278,buy,2022-05-14 06:06:44.916090+00:00
2022-05-14T06:06:44.91609Z,1283977,29268.10000000,0.00155432,buy,2022-05-14 06:06:44.916090+00:00
2022-05-14T06:04:26.399481Z,1283976,29339.02000000,0.00200138,sell,2022-05-14 06:04:26.399481+00:00
2022-05-14T06:04:26.399481Z,1283975,29339.01000000,0.00235271,sell,2022-05-14 06:04:26.399481+00:00
2022-05-14T06:04:26.399481Z,1283974,29339.01000000,0.00400000,sell,2022-05-14 06:04:26.399481+00:00
2022-05-14T05:59:57.088275Z,1283973,29377.01000000,0.00002046,sell,2022-05-14 05:59:57.088275+00:00
2022-05-14T05:58:38.438515Z,1283972,29380.93000000,0.00001600,sell,2022-05-14 05:58:38.438515+00:00
2022-05-14T05:57:39.791006Z,1283971,29369.12000000,0.00005225,sell,2022-05-14 05:57:39.791006+00:00
2022-05-14T05:54:53.795462Z,1283970,29369.62000000,0.00030542,sell,2022-05-14 05:54:53.795462+00:00
2022-05-14T05:53:06.225931Z,1283969,29369.76000000,0.00002026,sell,2022-05-14 05:53:06.225931+00:00
2022-05-14T05:52:45.911652Z,1283968,29321.93000000,0.00026404,buy,2022-05-14 05:52:45.911652+00:00
2022-05-14T05:50:17.672592Z,1283967,29384.06000000,0.00001600,sell,2022-05-14 05:50:17.672592+00:00
2022-05-14T05:48:09.52074Z,1283966,29426.13000000,0.00031201,sell,2022-05-14 05:48:09.520740+00:00
2022-05-14T05:46:46.992812Z,1283965,29414.31000000,0.00003399,sell,2022-05-14 05:46:46.992812+00:00
2022-05-14T05:42:32.828308Z,1283964,29288.34000000,0.00798277,buy,2022-05-14 05:42:32.828308+00:00
2022-05-14T05:41:27.911649Z,1283963,29282.93000000,0.00579082,buy,2022-05-14 05:41:27.911649+00:00
2022-05-14T05:41:27.911649Z,1283962,29282.94000000,0.00400000,buy,2022-05-14 05:41:27.911649+00:00
2022-05-14T05:41:27.911649Z,1283961,29282.95000000,0.00274667,buy,2022-05-14 05:41:27.911649+00:00
2022-05-14T05:36:11.093357Z,1283960,29347.54000000,0.04522409,sell,2022-05-14 05:36:11.093357+00:00
2022-05-14T05:36:11.093357Z,1283959,29347.53000000,0.00400000,sell,2022-05-14 05:36:11.093357+00:00
2022-05-14T05:36:11.093357Z,1283958,29347.53000000,0.00271467,sell,2022-05-14 05:36:11.093357+00:00
2022-05-14T05:35:52.01988Z,1283957,29294.33000000,0.03394975,buy,2022-05-14 05:35:52.019880+00:00
2022-05-14T05:33:47.105734Z,1283956,29244.40000000,0.03316364,buy,2022-05-14 05:33:47.105734+00:00
2022-05-14T05:33:47.105734Z,1283955,29244.41000000,0.00100000,buy,2022-05-14 05:33:47.105734+00:00
2022-05-14T05:33:12.261779Z,1283954,29311.91000000,0.00001600,sell,2022-05-14 05:33:12.261779+00:00
2022-05-14T05:27:56.411455Z,1283953,29187.33000000,0.04913429,buy,2022-05-14 05:27:56.411455+00:00
2022-05-14T05:27:56.411455Z,1283952,29211.12000000,0.00591420,buy,2022-05-14 05:27:56.411455+00:00
2022-05-14T05:27:56.411455Z,1283951,29211.13000000,0.00400000,buy,2022-05-14 05:27:56.411455+00:00
2022-05-14T05:27:56.411455Z,1283950,29268.79000000,0.00673308,buy,2022-05-14 05:27:56.411455+00:00
2022-05-14T05:27:56.411455Z,1283949,29295.44000000,0.00242447,buy,2022-05-14 05:27:56.411455+00:00
2022-05-14T05:27:30.981857Z,1283948,29356.16000000,0.00001600,sell,2022-05-14 05:27:30.981857+00:00
2022-05-14T05:25:42.087859Z,1283947,29302.24000000,0.02263887,buy,2022-05-14 05:25:42.087859+00:00
2022-05-14T05:25:42.087859Z,1283946,29302.25000000,0.00231628,buy,2022-05-14 05:25:42.087859+00:00
2022-05-14T05:25:42.087859Z,1283945,29302.25000000,0.00400000,buy,2022-05-14 05:25:42.087859+00:00
2022-05-14T05:23:44.089279Z,1283944,29325.40000000,0.02777769,buy,2022-05-14 05:23:44.089279+00:00
2022-05-14T05:23:44.089279Z,1283943,29325.41000000,0.00400000,buy,2022-05-14 05:23:44.089279+00:00
2022-05-14T05:23:44.089279Z,1283942,29325.41000000,0.00231627,buy,2022-05-14 05:23:44.089279+00:00
2022-05-14T05:21:18.705136Z,1283941,29298.03000000,0.00022861,buy,2022-05-14 05:21:18.705136+00:00
2022-05-14T05:18:55.450797Z,1283940,29325.73000000,0.00000490,buy,2022-05-14 05:18:55.450797+00:00
2022-05-14T05:18:50.240277Z,1283939,29325.73000000,0.00001600,buy,2022-05-14 05:18:50.240277+00:00
2022-05-14T05:15:09.652318Z,1283938,29314.11000000,0.00024442,sell,2022-05-14 05:15:09.652318+00:00
2022-05-14T05:15:09.652318Z,1283937,29314.11000000,0.00011077,sell,2022-05-14 05:15:09.652318+00:00
2022-05-14T05:14:04.847494Z,1283936,29322.31000000,0.00013607,sell,2022-05-14 05:14:04.847494+00:00
2022-05-14T05:12:39.91635Z,1283935,29322.31000000,0.00001665,sell,2022-05-14 05:12:39.916350+00:00
2022-05-14T05:11:20.334294Z,1283934,29282.09000000,0.00007915,buy,2022-05-14 05:11:20.334294+00:00
2022-05-14T05:11:12.198462Z,1283933,29282.89000000,0.00002276,sell,2022-05-14 05:11:12.198462+00:00
2022-05-14T05:10:04.511166Z,1283932,29258.71000000,0.00005739,buy,2022-05-14 05:10:04.511166+00:00
2022-05-14T05:09:57.883744Z,1283931,29251.41000000,0.00002518,buy,2022-05-14 05:09:57.883744+00:00
2022-05-14T05:09:49.077974Z,1283930,29244.40000000,0.00005791,buy,2022-05-14 05:09:49.077974+00:00
2022-05-14T05:04:18.228013Z,1283929,29320.45000000,0.00001600,sell,2022-05-14 05:04:18.228013+00:00
2022-05-14T05:01:01.580411Z,1283928,29284.59000000,0.00004965,buy,2022-05-14 05:01:01.580411+00:00
2022-05-14T04:59:50.723409Z,1283927,29244.59000000,0.00008132,sell,2022-05-14 04:59:50.723409+00:00
2022-05-14T04:59:50.723409Z,1283926,29244.59000000,0.00009778,sell,2022-05-14 04:59:50.723409+00:00
2022-05-14T04:59:35.899896Z,1283925,29213.15000000,0.00002449,buy,2022-05-14 04:59:35.899896+00:00
2022-05-14T04:58:12.167444Z,1283924,29182.15000000,0.00001777,buy,2022-05-14 04:58:12.167444+00:00
2022-05-14T04:57:43.046263Z,1283923,29185.06000000,0.00005319,sell,2022-05-14 04:57:43.046263+00:00
2022-05-14T04:57:18.79232Z,1283922,29152.67000000,0.00003079,buy,2022-05-14 04:57:18.792320+00:00
2022-05-14T04:56:53.033333Z,1283921,29152.21000000,0.00002056,buy,2022-05-14 04:56:53.033333+00:00
2022-05-14T04:56:36.461616Z,1283920,29152.03000000,0.00005249,buy,2022-05-14 04:56:36.461616+00:00
2022-05-14T04:56:17.9805Z,1283919,29190.70000000,0.00003423,sell,2022-05-14 04:56:17.980500+00:00
2022-05-14T04:55:19.738499Z,1283918,29185.35000000,0.00004750,sell,2022-05-14 04:55:19.738499+00:00
2022-05-14T04:53:17.846582Z,1283917,29205.98000000,0.00017484,buy,2022-05-14 04:53:17.846582+00:00
2022-05-14T04:52:18.04485Z,1283916,29198.92000000,0.00006594,buy,2022-05-14 04:52:18.044850+00:00
2022-05-14T04:52:05.78243Z,1283915,29236.52000000,0.02675516,sell,2022-05-14 04:52:05.782430+00:00
2022-05-14T04:52:05.78243Z,1283914,29236.51000000,0.00400000,sell,2022-05-14 04:52:05.782430+00:00
2022-05-14T04:52:05.78243Z,1283913,29235.78000000,0.00138074,sell,2022-05-14 04:52:05.782430+00:00
2022-05-14T04:52:05.78243Z,1283912,29227.02000000,0.00138074,sell,2022-05-14 04:52:05.782430+00:00
2022-05-14T04:52:03.50511Z,1283911,29216.63000000,0.00301199,buy,2022-05-14 04:52:03.505110+00:00
2022-05-14T04:51:55.89108Z,1283910,29216.64000000,0.00004786,buy,2022-05-14 04:51:55.891080+00:00
2022-05-14T04:47:10.097271Z,1283909,29278.79000000,0.00058388,sell,2022-05-14 04:47:10.097271+00:00
2022-05-14T04:47:10.097271Z,1283908,29278.78000000,0.00271361,sell,2022-05-14 04:47:10.097271+00:00
2022-05-14T04:45:07.316403Z,1283907,29311.22000000,0.00003412,sell,2022-05-14 04:45:07.316403+00:00
2022-05-14T04:43:54.762853Z,1283906,29239.95000000,0.00002731,buy,2022-05-14 04:43:54.762853+00:00
2022-05-14T04:42:49.749189Z,1283905,29268.06000000,0.00002594,buy,2022-05-14 04:42:49.749189+00:00
2022-05-14T04:40:28.672125Z,1283904,29305.59000000,0.00135595,buy,2022-05-14 04:40:28.672125+00:00
2022-05-14T04:39:16.090254Z,1283903,29311.82000000,0.00001820,buy,2022-05-14 04:39:16.090254+00:00
2022-05-14T04:39:06.171585Z,1283902,29305.59000000,0.00002835,buy,2022-05-14 04:39:06.171585+00:00
2022-05-14T04:38:33.785746Z,1283901,29293.40000000,0.00008102,buy,2022-05-14 04:38:33.785746+00:00
2022-05-14T04:38:10.86663Z,1283900,29280.70000000,0.00008444,buy,2022-05-14 04:38:10.866630+00:00
2022-05-14T04:36:22.698421Z,1283899,29278.92000000,0.00002300,sell,2022-05-14 04:36:22.698421+00:00
2022-05-14T04:33:08.678606Z,1283898,29297.23000000,0.00003775,buy,2022-05-14 04:33:08.678606+00:00
2022-05-14T04:31:22.345408Z,1283897,29391.64000000,0.00013566,sell,2022-05-14 04:31:22.345408+00:00
2022-05-14T04:26:19.689349Z,1283896,29429.91000000,0.03685617,buy,2022-05-14 04:26:19.689349+00:00
2022-05-14T04:26:19.689349Z,1283895,29429.93000000,0.00400000,buy,2022-05-14 04:26:19.689349+00:00
2022-05-14T04:26:19.689349Z,1283894,29435.43000000,0.00848344,buy,2022-05-14 04:26:19.689349+00:00
2022-05-14T04:26:19.689349Z,1283893,29435.44000000,0.00145185,buy,2022-05-14 04:26:19.689349+00:00
2022-05-14T04:24:11.641841Z,1283892,29500.73000000,0.00017302,sell,2022-05-14 04:24:11.641841+00:00
2022-05-14T04:24:11.641841Z,1283891,29480.11000000,0.00003312,sell,2022-05-14 04:24:11.641841+00:00
2022-05-14T04:21:12.985318Z,1283890,29466.73000000,0.00016765,buy,2022-05-14 04:21:12.985318+00:00
2022-05-14T04:21:12.985318Z,1283889,29466.74000000,0.00273067,buy,2022-05-14 04:21:12.985318+00:00
2022-05-14T04:18:26.676748Z,1283888,29535.47000000,0.00084233,sell,2022-05-14 04:18:26.676748+00:00
2022-05-14T04:17:18.117291Z,1283887,29506.39000000,0.00313824,sell,2022-05-14 04:17:18.117291+00:00
2022-05-14T04:17:18.117291Z,1283886,29475.02000000,0.00010612,sell,2022-05-14 04:17:18.117291+00:00
2022-05-14T04:16:43.237161Z,1283885,29475.02000000,0.00162035,sell,2022-05-14 04:16:43.237161+00:00
2022-05-14T04:15:53.064218Z,1283884,29429.79000000,0.00001600,buy,2022-05-14 04:15:53.064218+00:00
2022-05-14T04:12:29.3674Z,1283883,29516.50000000,0.00077021,sell,2022-05-14 04:12:29.367400+00:00
2022-05-14T04:12:29.3674Z,1283882,29509.04000000,0.00002260,sell,2022-05-14 04:12:29.367400+00:00
2022-05-14T04:06:37.612792Z,1283881,29465.70000000,0.00025000,sell,2022-05-14 04:06:37.612792+00:00
2022-05-14T04:00:54.062529Z,1283880,29516.58000000,0.00135061,sell,2022-05-14 04:00:54.062529+00:00
2022-05-14T04:00:54.062529Z,1283879,29516.58000000,0.00273067,sell,2022-05-14 04:00:54.062529+00:00
2022-05-14T03:51:30.680528Z,1283878,29471.65000000,0.11050006,buy,2022-05-14 03:51:30.680528+00:00
2022-05-14T03:51:30.680528Z,1283877,29491.11000000,0.06492828,buy,2022-05-14 03:51:30.680528+00:00
2022-05-14T03:51:30.680528Z,1283876,29491.12000000,0.00187981,buy,2022-05-14 03:51:30.680528+00:00
2022-05-14T03:51:30.63522Z,1283875,29491.11000000,0.01972867,buy,2022-05-14 03:51:30.635220+00:00
2022-05-14T03:51:30.63522Z,1283874,29497.22000000,0.00846570,buy,2022-05-14 03:51:30.635220+00:00
2022-05-14T03:51:30.63522Z,1283873,29497.23000000,0.00400000,buy,2022-05-14 03:51:30.635220+00:00
2022-05-14T03:51:30.63522Z,1283872,29497.23000000,0.00187981,buy,2022-05-14 03:51:30.635220+00:00
2022-05-14T03:46:45.270489Z,1283871,29464.50000000,0.00062510,sell,2022-05-14 03:46:45.270489+00:00
2022-05-14T03:44:41.866429Z,1283870,29482.90000000,0.00076650,sell,2022-05-14 03:44:41.866429+00:00
2022-05-14T03:44:16.440636Z,1283869,29426.36000000,0.00001600,sell,2022-05-14 03:44:16.440636+00:00
2022-05-14T03:42:58.592076Z,1283868,29465.18000000,0.00033203,sell,2022-05-14 03:42:58.592076+00:00
2022-05-14T03:39:00.508119Z,1283867,29469.40000000,0.00033238,sell,2022-05-14 03:39:00.508119+00:00
2022-05-14T03:38:08.237569Z,1283866,29489.19000000,0.00029891,sell,2022-05-14 03:38:08.237569+00:00
2022-05-14T03:37:16.582641Z,1283865,29515.32000000,0.00066043,sell,2022-05-14 03:37:16.582641+00:00
2022-05-14T03:36:35.422246Z,1283864,29502.90000000,0.00066350,sell,2022-05-14 03:36:35.422246+00:00
2022-05-14T03:36:02.710803Z,1283863,29465.04000000,0.00016959,buy,2022-05-14 03:36:02.710803+00:00
2022-05-14T03:35:47.285961Z,1283862,29507.84000000,0.00232454,sell,2022-05-14 03:35:47.285961+00:00
2022-05-14T03:29:40.328174Z,1283861,29508.47000000,0.00002583,sell,2022-05-14 03:29:40.328174+00:00
2022-05-14T03:27:16.209348Z,1283860,29540.85000000,0.00004777,sell,2022-05-14 03:27:16.209348+00:00
2022-05-14T03:26:00.111803Z,1283859,29534.88000000,0.00003300,sell,2022-05-14 03:26:00.111803+00:00
2022-05-14T03:22:44.496763Z,1283858,29484.34000000,0.00025850,buy,2022-05-14 03:22:44.496763+00:00
2022-05-14T03:20:32.080328Z,1283857,29490.10000000,0.00002340,sell,2022-05-14 03:20:32.080328+00:00
2022-05-14T03:17:55.862073Z,1283856,29486.80000000,0.00215997,buy,2022-05-14 03:17:55.862073+00:00
2022-05-14T03:17:39.754202Z,1283855,29492.20000000,0.00215997,buy,2022-05-14 03:17:39.754202+00:00
2022-05-14T03:16:36.912401Z,1283854,29496.84000000,0.00003380,buy,2022-05-14 03:16:36.912401+00:00
2022-05-14T03:16:12.611487Z,1283853,29516.42000000,0.00162060,buy,2022-05-14 03:16:12.611487+00:00
2022-05-14T03:11:26.095391Z,1283852,29609.68000000,0.00031526,sell,2022-05-14 03:11:26.095391+00:00
2022-05-14T03:10:47.553084Z,1283851,29610.83000000,0.00001600,sell,2022-05-14 03:10:47.553084+00:00
2022-05-14T03:10:32.928599Z,1283850,29610.83000000,0.00161506,sell,2022-05-14 03:10:32.928599+00:00
2022-05-14T03:08:20.664785Z,1283849,29515.92000000,0.00078690,buy,2022-05-14 03:08:20.664785+00:00
2022-05-14T03:08:20.664785Z,1283848,29515.92000000,0.00272267,buy,2022-05-14 03:08:20.664785+00:00
2022-05-14T03:06:48.962435Z,1283847,29541.68000000,0.03407418,buy,2022-05-14 03:06:48.962435+00:00
2022-05-14T03:06:24.938166Z,1283846,29541.68000000,0.00013502,sell,2022-05-14 03:06:24.938166+00:00
2022-05-14T03:05:56.012858Z,1283845,29496.58000000,0.00008599,sell,2022-05-14 03:05:56.012858+00:00
2022-05-14T03:04:56.260667Z,1283844,29496.58000000,0.00005085,sell,2022-05-14 03:04:56.260667+00:00
2022-05-14T03:04:19.910088Z,1283843,29467.46000000,0.00014778,buy,2022-05-14 03:04:19.910088+00:00
2022-05-14T03:04:15.04733Z,1283842,29496.58000000,0.00006854,sell,2022-05-14 03:04:15.047330+00:00
2022-05-14T03:02:29.728205Z,1283841,29477.72000000,0.00003157,sell,2022-05-14 03:02:29.728205+00:00
2022-05-14T02:57:42.252724Z,1283840,29478.55000000,0.00001730,buy,2022-05-14 02:57:42.252724+00:00
2022-05-14T02:55:56.115812Z,1283839,29496.58000000,0.00020538,sell,2022-05-14 02:55:56.115812+00:00
2022-05-14T02:53:08.045642Z,1283838,29543.31000000,0.00079093,sell,2022-05-14 02:53:08.045642+00:00
2022-05-14T02:46:39.775359Z,1283837,29635.54000000,0.00810917,sell,2022-05-14 02:46:39.775359+00:00
2022-05-14T02:46:39.775359Z,1283836,29630.82000000,0.00587258,sell,2022-05-14 02:46:39.775359+00:00
2022-05-14T02:46:39.775359Z,1283835,29612.40000000,0.00006019,sell,2022-05-14 02:46:39.775359+00:00
2022-05-14T02:46:39.775359Z,1283834,29600.52000000,0.25374341,sell,2022-05-14 02:46:39.775359+00:00
2022-05-14T02:46:39.775359Z,1283833,29585.88000000,0.08455600,sell,2022-05-14 02:46:39.775359+00:00
2022-05-14T02:46:39.775359Z,1283832,29584.40000000,0.00529198,sell,2022-05-14 02:46:39.775359+00:00
2022-05-14T02:46:39.775359Z,1283831,29578.80000000,0.00845588,sell,2022-05-14 02:46:39.775359+00:00
2022-05-14T02:46:39.775359Z,1283830,29572.25000000,0.04522409,sell,2022-05-14 02:46:39.775359+00:00
2022-05-14T02:46:39.775359Z,1283829,29572.24000000,0.00400000,sell,2022-05-14 02:46:39.775359+00:00
2022-05-14T02:44:02.341576Z,1283828,29540.43000000,0.00001600,buy,2022-05-14 02:44:02.341576+00:00
2022-05-14T02:41:55.368609Z,1283827,29640.06000000,0.00062133,sell,2022-05-14 02:41:55.368609+00:00
2022-05-14T02:41:24.563907Z,1283826,29654.82000000,0.00062077,sell,2022-05-14 02:41:24.563907+00:00
2022-05-14T02:39:47.354583Z,1283825,29656.58000000,0.00260982,sell,2022-05-14 02:39:47.354583+00:00
2022-05-14T02:39:47.354583Z,1283824,29656.57000000,0.00400000,sell,2022-05-14 02:39:47.354583+00:00
2022-05-14T02:39:27.888756Z,1283823,29583.86000000,0.00371594,buy,2022-05-14 02:39:27.888756+00:00
2022-05-14T02:38:53.259897Z,1283822,29645.45000000,0.00709923,sell,2022-05-14 02:38:53.259897+00:00
2022-05-14T02:38:53.259897Z,1283821,29645.44000000,0.00257991,sell,2022-05-14 02:38:53.259897+00:00
2022-05-14T02:38:53.259897Z,1283820,29645.44000000,0.00400000,sell,2022-05-14 02:38:53.259897+00:00
2022-05-14T02:35:41.026627Z,1283819,29613.06000000,0.00013477,sell,2022-05-14 02:35:41.026627+00:00
2022-05-14T02:34:23.756324Z,1283818,29633.29000000,0.00001643,buy,2022-05-14 02:34:23.756324+00:00
2022-05-14T02:33:49.704897Z,1283817,29658.93000000,0.00023418,sell,2022-05-14 02:33:49.704897+00:00
2022-05-14T02:31:57.514462Z,1283816,29700.91000000,0.00001600,sell,2022-05-14 02:31:57.514462+00:00
2022-05-14T02:30:33.735695Z,1283815,29643.73000000,0.00001610,sell,2022-05-14 02:30:33.735695+00:00
2022-05-14T02:29:59.785994Z,1283814,29646.44000000,0.00045308,sell,2022-05-14 02:29:59.785994+00:00
2022-05-14T02:22:13.282411Z,1283813,29677.77000000,0.00002172,sell,2022-05-14 02:22:13.282411+00:00
2022-05-14T02:21:20.482508Z,1283812,29608.90000000,0.00004792,buy,2022-05-14 02:21:20.482508+00:00
2022-05-14T02:19:59.546685Z,1283811,29664.87000000,0.00001600,sell,2022-05-14 02:19:59.546685+00:00
2022-05-14T02:16:36.63344Z,1283810,29561.91000000,0.00002690,sell,2022-05-14 02:16:36.633440+00:00
2022-05-14T02:16:36.519778Z,1283809,29560.24000000,0.00273067,sell,2022-05-14 02:16:36.519778+00:00
2022-05-14T02:15:27.145764Z,1283808,29586.98000000,0.00000301,buy,2022-05-14 02:15:27.145764+00:00
2022-05-14T02:15:27.056303Z,1283807,29586.98000000,0.00001600,buy,2022-05-14 02:15:27.056303+00:00
2022-05-14T02:15:23.427913Z,1283806,29600.00000000,0.08354976,buy,2022-05-14 02:15:23.427913+00:00
2022-05-14T02:15:23.404475Z,1283805,29586.99000000,0.00257238,sell,2022-05-14 02:15:23.404475+00:00
2022-05-14T02:15:23.404475Z,1283804,29586.99000000,0.00643096,sell,2022-05-14 02:15:23.404475+00:00
2022-05-14T02:15:23.121788Z,1283803,29590.64000000,0.00002120,buy,2022-05-14 02:15:23.121788+00:00
2022-05-14T02:15:23.074224Z,1283802,29590.64000000,0.00001600,buy,2022-05-14 02:15:23.074224+00:00
2022-05-14T02:15:00.344645Z,1283801,29590.65000000,0.00016531,sell,2022-05-14 02:15:00.344645+00:00
2022-05-14T02:12:20.499622Z,1283800,29594.29000000,0.00005801,sell,2022-05-14 02:12:20.499622+00:00
2022-05-14T02:09:39.67152Z,1283799,29559.84000000,0.00038011,buy,2022-05-14 02:09:39.671520+00:00
2022-05-14T02:07:38.31701Z,1283798,29445.14000000,0.03332541,buy,2022-05-14 02:07:38.317010+00:00
2022-05-14T02:07:38.31701Z,1283797,29449.60000000,0.00586444,buy,2022-05-14 02:07:38.317010+00:00
2022-05-14T02:07:38.31701Z,1283796,29453.39000000,0.05777227,buy,2022-05-14 02:07:38.317010+00:00
2022-05-14T02:07:38.31701Z,1283795,29482.93000000,0.00271344,buy,2022-05-14 02:07:38.317010+00:00
2022-05-14T02:07:38.31701Z,1283794,29504.28000000,0.00686955,buy,2022-05-14 02:07:38.317010+00:00
2022-05-14T02:07:38.31701Z,1283793,29549.53000000,0.00574951,buy,2022-05-14 02:07:38.317010+00:00
2022-05-14T02:07:38.31701Z,1283792,29562.51000000,0.00213570,buy,2022-05-14 02:07:38.317010+00:00
2022-05-14T02:07:38.31701Z,1283791,29564.38000000,0.04595024,buy,2022-05-14 02:07:38.317010+00:00
2022-05-14T02:07:38.31701Z,1283790,29564.39000000,0.00261738,buy,2022-05-14 02:07:38.317010+00:00
2022-05-14T02:07:38.31701Z,1283789,29564.39000000,0.00400000,buy,2022-05-14 02:07:38.317010+00:00
2022-05-14T02:07:38.31701Z,1283788,29582.57000000,0.00011222,buy,2022-05-14 02:07:38.317010+00:00
2022-05-14T02:07:38.31701Z,1283787,29582.58000000,0.00261738,buy,2022-05-14 02:07:38.317010+00:00
2022-05-14T02:04:23.425091Z,1283786,29586.35000000,0.00001600,buy,2022-05-14 02:04:23.425091+00:00
2022-05-14T01:56:34.684772Z,1283785,29661.51000000,0.00062098,sell,2022-05-14 01:56:34.684772+00:00
2022-05-14T01:56:21.387898Z,1283784,29620.00000000,0.00235391,buy,2022-05-14 01:56:21.387898+00:00
2022-05-14T01:51:18.146761Z,1283783,29698.01000000,0.00002850,buy,2022-05-14 01:51:18.146761+00:00
2022-05-14T01:49:48.267783Z,1283782,29744.07000000,0.00001600,sell,2022-05-14 01:49:48.267783+00:00
2022-05-14T01:39:35.277685Z,1283781,29631.02000000,0.00001945,sell,2022-05-14 01:39:35.277685+00:00
2022-05-14T01:38:19.159183Z,1283780,29571.65000000,0.00021059,buy,2022-05-14 01:38:19.159183+00:00
2022-05-14T01:38:19.159183Z,1283779,29585.53000000,0.00005070,buy,2022-05-14 01:38:19.159183+00:00
2022-05-14T01:36:00.029279Z,1283778,29661.38000000,0.00168528,sell,2022-05-14 01:36:00.029279+00:00
2022-05-14T01:35:27.993649Z,1283777,29668.80000000,0.00004617,sell,2022-05-14 01:35:27.993649+00:00
2022-05-14T01:35:27.993649Z,1283776,29656.68000000,0.00165464,sell,2022-05-14 01:35:27.993649+00:00
2022-05-14T01:35:27.993649Z,1283775,29654.01000000,0.00165464,sell,2022-05-14 01:35:27.993649+00:00
2022-05-14T01:27:44.156622Z,1283774,29559.42000000,0.00100978,buy,2022-05-14 01:27:44.156622+00:00
2022-05-14T01:27:10.204754Z,1283773,29602.62000000,0.00001600,sell,2022-05-14 01:27:10.204754+00:00
2022-05-14T01:20:33.976717Z,1283772,29549.78000000,0.00004658,buy,2022-05-14 01:20:33.976717+00:00
2022-05-14T01:19:50.227416Z,1283771,29523.69000000,0.00035559,buy,2022-05-14 01:19:50.227416+00:00
2022-05-14T01:19:43.28784Z,1283770,29572.91000000,0.00006279,buy,2022-05-14 01:19:43.287840+00:00
2022-05-14T01:19:24.635313Z,1283769,29528.79000000,0.01760360,buy,2022-05-14 01:19:24.635313+00:00
2022-05-14T01:19:24.635313Z,1283768,29528.80000000,0.00400000,buy,2022-05-14 01:19:24.635313+00:00
2022-05-14T01:19:24.635313Z,1283767,29528.80000000,0.00215206,buy,2022-05-14 01:19:24.635313+00:00
2022-05-14T01:17:12.371647Z,1283766,29546.02000000,0.00002538,buy,2022-05-14 01:17:12.371647+00:00
2022-05-14T01:17:12.282495Z,1283765,29547.89000000,0.00003420,buy,2022-05-14 01:17:12.282495+00:00
2022-05-14T01:16:42.471909Z,1283764,29587.30000000,0.00035559,sell,2022-05-14 01:16:42.471909+00:00
2022-05-14T01:13:07.535474Z,1283763,29450.23000000,0.00001644,sell,2022-05-14 01:13:07.535474+00:00
2022-05-14T01:11:49.737232Z,1283762,29403.81000000,0.00082175,buy,2022-05-14 01:11:49.737232+00:00
2022-05-14T01:07:52.145805Z,1283761,29287.09000000,0.00023546,buy,2022-05-14 01:07:52.145805+00:00
2022-05-14T01:07:27.113202Z,1283760,29319.40000000,0.00010000,buy,2022-05-14 01:07:27.113202+00:00
2022-05-14T01:06:47.098818Z,1283759,29364.55000000,0.00244008,sell,2022-05-14 01:06:47.098818+00:00
2022-05-14T01:05:33.501819Z,1283758,29411.29000000,0.00044399,sell,2022-05-14 01:05:33.501819+00:00
2022-05-14T01:02:53.903215Z,1283757,29364.25000000,0.00559006,sell,2022-05-14 01:02:53.903215+00:00
2022-05-14T01:02:27.715003Z,1283756,29398.84000000,0.00013572,sell,2022-05-14 01:02:27.715003+00:00
2022-05-14T01:02:13.213317Z,1283755,29402.87000000,0.00003417,sell,2022-05-14 01:02:13.213317+00:00
2022-05-14T01:00:47.886489Z,1283754,29418.87000000,0.00003412,sell,2022-05-14 01:00:47.886489+00:00
2022-05-14T00:56:00.218205Z,1283753,29469.80000000,0.00008438,sell,2022-05-14 00:56:00.218205+00:00
2022-05-14T00:55:47.91372Z,1283752,29469.80000000,0.00016654,sell,2022-05-14 00:55:47.913720+00:00
2022-05-14T00:52:47.415021Z,1283751,29435.92000000,0.00030453,sell,2022-05-14 00:52:47.415021+00:00
2022-05-14T00:52:33.142231Z,1283750,29455.05000000,0.00062549,sell,2022-05-14 00:52:33.142231+00:00
2022-05-14T00:42:52.944583Z,1283749,29514.85000000,0.00013524,sell,2022-05-14 00:42:52.944583+00:00
2022-05-14T00:42:36.705258Z,1283748,29507.66000000,0.00184391,sell,2022-05-14 00:42:36.705258+00:00
2022-05-14T00:42:36.53871Z,1283747,29502.26000000,0.00184391,sell,2022-05-14 00:42:36.538710+00:00
2022-05-14T00:42:09.779952Z,1283746,29464.11000000,0.00012452,buy,2022-05-14 00:42:09.779952+00:00
2022-05-14T00:41:21.238157Z,1283745,29430.19000000,0.00083263,buy,2022-05-14 00:41:21.238157+00:00
2022-05-14T00:38:19.873867Z,1283744,29358.64000000,0.00214211,buy,2022-05-14 00:38:19.873867+00:00
2022-05-14T00:38:19.873867Z,1283743,29358.64000000,0.00273067,buy,2022-05-14 00:38:19.873867+00:00
2022-05-14T00:37:11.395071Z,1283742,29420.00000000,0.00487278,sell,2022-05-14 00:37:11.395071+00:00
2022-05-14T00:35:25.484439Z,1283741,29398.68000000,0.07111386,sell,2022-05-14 00:35:25.484439+00:00
2022-05-14T00:35:25.484439Z,1283740,29393.42000000,0.00850973,sell,2022-05-14 00:35:25.484439+00:00
2022-05-14T00:35:25.484439Z,1283739,29393.41000000,0.00050000,sell,2022-05-14 00:35:25.484439+00:00
2022-05-14T00:35:25.484439Z,1283738,29387.47000000,0.00165524,sell,2022-05-14 00:35:25.484439+00:00
2022-05-14T00:35:25.484439Z,1283737,29374.63000000,0.00165524,sell,2022-05-14 00:35:25.484439+00:00
2022-05-14T00:27:50.589941Z,1283736,29454.04000000,0.00030456,sell,2022-05-14 00:27:50.589941+00:00
2022-05-14T00:27:22.476805Z,1283735,29438.80000000,0.00184630,buy,2022-05-14 00:27:22.476805+00:00
2022-05-14T00:27:16.866975Z,1283734,29447.89000000,0.00002830,buy,2022-05-14 00:27:16.866975+00:00
2022-05-14T00:23:00.181532Z,1283733,29377.39000000,0.00002603,buy,2022-05-14 00:23:00.181532+00:00
2022-05-14T00:22:56.302676Z,1283732,29382.13000000,0.00018962,sell,2022-05-14 00:22:56.302676+00:00
2022-05-14T00:20:26.522578Z,1283731,29382.13000000,0.00002405,buy,2022-05-14 00:20:26.522578+00:00
2022-05-14T00:19:06.597585Z,1283730,29427.32000000,0.00030495,sell,2022-05-14 00:19:06.597585+00:00
2022-05-14T00:18:03.318795Z,1283729,29403.95000000,0.00083263,sell,2022-05-14 00:18:03.318795+00:00
2022-05-14T00:16:52.145868Z,1283728,29449.92000000,0.00002160,sell,2022-05-14 00:16:52.145868+00:00
2022-05-14T00:16:23.961287Z,1283727,29481.72000000,0.00006285,sell,2022-05-14 00:16:23.961287+00:00
2022-05-14T00:14:21.361Z,1283726,29438.72000000,0.00002920,buy,2022-05-14 00:14:21.361000+00:00
2022-05-14T00:09:58.417913Z,1283725,29275.01000000,0.00011789,buy,2022-05-14 00:09:58.417913+00:00
2022-05-14T00:09:51.950501Z,1283724,29270.18000000,0.00009485,buy,2022-05-14 00:09:51.950501+00:00
2022-05-14T00:08:27.068384Z,1283723,29243.95000000,0.00009063,buy,2022-05-14 00:08:27.068384+00:00
2022-05-14T00:07:47.111974Z,1283722,29275.07000000,0.00265130,buy,2022-05-14 00:07:47.111974+00:00
2022-05-14T00:07:46.753441Z,1283721,29294.07000000,0.00003590,buy,2022-05-14 00:07:46.753441+00:00
2022-05-14T00:04:56.113281Z,1283720,29230.67000000,0.00025711,sell,2022-05-14 00:04:56.113281+00:00
2022-05-13T23:58:21.032352Z,1283719,29188.92000000,0.00009710,buy,2022-05-13 23:58:21.032352+00:00
2022-05-13T23:55:43.719537Z,1283718,29261.96000000,0.00650268,sell,2022-05-13 23:55:43.719537+00:00
2022-05-13T23:54:15.06115Z,1283717,29200.38000000,0.00001820,sell,2022-05-13 23:54:15.061150+00:00
2022-05-13T23:50:59.663788Z,1283716,29145.93000000,0.00006164,buy,2022-05-13 23:50:59.663788+00:00
2022-05-13T23:49:37.284163Z,1283715,29228.81000000,0.00002370,buy,2022-05-13 23:49:37.284163+00:00
2022-05-13T23:47:08.283191Z,1283714,29233.62000000,0.01846404,sell,2022-05-13 23:47:08.283191+00:00
2022-05-13T23:47:08.283191Z,1283713,29228.01000000,0.04000000,sell,2022-05-13 23:47:08.283191+00:00
2022-05-13T23:47:08.283191Z,1283712,29226.52000000,0.00855872,sell,2022-05-13 23:47:08.283191+00:00
2022-05-13T23:46:33.374301Z,1283711,29288.27000000,0.00595403,sell,2022-05-13 23:46:33.374301+00:00
2022-05-13T23:46:33.374301Z,1283710,29283.24000000,0.00275639,sell,2022-05-13 23:46:33.374301+00:00
2022-05-13T23:43:55.371309Z,1283709,29218.02000000,0.00003422,sell,2022-05-13 23:43:55.371309+00:00
2022-05-13T23:42:53.153387Z,1283708,29193.61000000,0.00267074,buy,2022-05-13 23:42:53.153387+00:00
2022-05-13T23:42:18.654948Z,1283707,29234.90000000,0.00001918,buy,2022-05-13 23:42:18.654948+00:00
2022-05-13T23:42:07.622002Z,1283706,29253.32000000,0.00002570,sell,2022-05-13 23:42:07.622002+00:00
2022-05-13T23:39:22.770762Z,1283705,29225.60000000,0.00010069,buy,2022-05-13 23:39:22.770762+00:00
2022-05-13T23:37:56.689833Z,1283704,29262.68000000,0.01075976,sell,2022-05-13 23:37:56.689833+00:00
2022-05-13T23:37:56.689833Z,1283703,29262.67000000,0.00400000,sell,2022-05-13 23:37:56.689833+00:00
2022-05-13T23:37:56.689833Z,1283702,29260.62000000,0.00160885,sell,2022-05-13 23:37:56.689833+00:00
2022-05-13T23:37:41.207285Z,1283701,29214.44000000,0.00112182,sell,2022-05-13 23:37:41.207285+00:00
2022-05-13T23:35:06.43501Z,1283700,29292.01000000,0.00339880,buy,2022-05-13 23:35:06.435010+00:00
2022-05-13T23:34:17.123048Z,1283699,29302.92000000,0.00025660,buy,2022-05-13 23:34:17.123048+00:00
2022-05-13T23:32:38.177399Z,1283698,29363.21000000,0.00273067,buy,2022-05-13 23:32:38.177399+00:00
2022-05-13T23:31:13.171632Z,1283697,29387.40000000,0.00045670,buy,2022-05-13 23:31:13.171632+00:00
2022-05-13T23:30:41.597305Z,1283696,29434.62000000,0.00044910,sell,2022-05-13 23:30:41.597305+00:00
2022-05-13T23:29:40.836481Z,1283695,29397.14000000,0.00013557,buy,2022-05-13 23:29:40.836481+00:00
2022-05-13T23:27:34.274885Z,1283694,29434.62000000,0.00045670,sell,2022-05-13 23:27:34.274885+00:00
2022-05-13T23:27:19.150161Z,1283693,29434.62000000,0.00006639,sell,2022-05-13 23:27:19.150161+00:00
2022-05-13T23:27:01.135362Z,1283692,29434.62000000,0.00162292,sell,2022-05-13 23:27:01.135362+00:00
2022-05-13T23:24:44.893211Z,1283691,29446.08000000,0.00013557,sell,2022-05-13 23:24:44.893211+00:00
2022-05-13T23:17:46.501701Z,1283690,29415.13000000,0.11382515,buy,2022-05-13 23:17:46.501701+00:00
2022-05-13T23:17:46.501701Z,1283689,29415.14000000,0.02908800,buy,2022-05-13 23:17:46.501701+00:00
2022-05-13T23:17:46.501701Z,1283688,29423.01000000,0.00506968,buy,2022-05-13 23:17:46.501701+00:00
2022-05-13T23:17:46.501701Z,1283687,29436.05000000,0.08483012,buy,2022-05-13 23:17:46.501701+00:00
2022-05-13T23:17:46.501701Z,1283686,29443.74000000,0.00848256,buy,2022-05-13 23:17:46.501701+00:00
2022-05-13T23:17:46.501701Z,1283685,29443.87000000,0.00400000,buy,2022-05-13 23:17:46.501701+00:00
2022-05-13T23:17:46.501701Z,1283684,29444.64000000,0.00197382,buy,2022-05-13 23:17:46.501701+00:00
2022-05-13T23:17:46.501701Z,1283683,29444.65000000,0.00273067,buy,2022-05-13 23:17:46.501701+00:00
2022-05-13T23:17:30.445016Z,1283682,29490.57000000,0.00162060,sell,2022-05-13 23:17:30.445016+00:00
2022-05-13T23:09:31.499423Z,1283681,29564.71000000,0.16046117,sell,2022-05-13 23:09:31.499423+00:00
2022-05-13T23:09:31.499423Z,1283680,29564.70000000,0.02804800,sell,2022-05-13 23:09:31.499423+00:00
2022-05-13T23:09:31.499423Z,1283679,29564.69000000,0.01176000,sell,2022-05-13 23:09:31.499423+00:00
2022-05-13T23:09:31.499423Z,1283678,29528.54000000,0.33954435,sell,2022-05-13 23:09:31.499423+00:00
2022-05-13T23:09:31.499423Z,1283677,29528.53000000,0.01604800,sell,2022-05-13 23:09:31.499423+00:00
2022-05-13T23:09:31.499423Z,1283676,29509.03000000,0.08479181,sell,2022-05-13 23:09:31.499423+00:00
2022-05-13T23:09:31.499423Z,1283675,29495.54000000,0.04000000,sell,2022-05-13 23:09:31.499423+00:00
2022-05-13T23:09:31.499423Z,1283674,29495.52000000,0.00273067,sell,2022-05-13 23:09:31.499423+00:00
2022-05-13T23:09:31.499423Z,1283673,29495.14000000,0.00848143,sell,2022-05-13 23:09:31.499423+00:00
2022-05-13T23:09:31.499423Z,1283672,29495.13000000,0.00250000,sell,2022-05-13 23:09:31.499423+00:00
2022-05-13T23:09:31.499423Z,1283671,29495.13000000,0.00273067,sell,2022-05-13 23:09:31.499423+00:00
2022-05-13T23:07:11.159907Z,1283670,29528.38000000,0.00028000,buy,2022-05-13 23:07:11.159907+00:00
2022-05-13T23:06:55.694602Z,1283669,29663.05000000,0.04000000,buy,2022-05-13 23:06:55.694602+00:00
2022-05-13T23:06:12.656434Z,1283668,29692.23000000,0.00010591,buy,2022-05-13 23:06:12.656434+00:00
2022-05-13T23:05:16.574457Z,1283667,29692.23000000,0.00127962,buy,2022-05-13 23:05:16.574457+00:00
2022-05-13T23:00:28.506927Z,1283666,29734.76000000,0.00223371,buy,2022-05-13 23:00:28.506927+00:00
2022-05-13T22:55:33.064766Z,1283665,29773.81000000,0.00138552,buy,2022-05-13 22:55:33.064766+00:00
2022-05-13T22:52:30.527682Z,1283664,29802.04000000,0.00004037,sell,2022-05-13 22:52:30.527682+00:00
2022-05-13T22:50:06.604809Z,1283663,29788.59000000,0.00273067,buy,2022-05-13 22:50:06.604809+00:00
2022-05-13T22:49:50.92604Z,1283662,29828.22000000,0.00138954,sell,2022-05-13 22:49:50.926040+00:00
2022-05-13T22:49:50.92604Z,1283661,29828.21000000,0.00194633,sell,2022-05-13 22:49:50.926040+00:00
2022-05-13T22:47:40.430092Z,1283660,29798.52000000,0.00078434,sell,2022-05-13 22:47:40.430092+00:00
2022-05-13T22:47:28.683413Z,1283659,29773.28000000,0.00273067,buy,2022-05-13 22:47:28.683413+00:00
2022-05-13T22:46:19.802465Z,1283658,29808.72000000,0.00091256,sell,2022-05-13 22:46:19.802465+00:00
2022-05-13T22:46:19.802465Z,1283657,29808.71000000,0.00232567,sell,2022-05-13 22:46:19.802465+00:00
2022-05-13T22:44:22.676493Z,1283656,29813.81000000,0.00002080,sell,2022-05-13 22:44:22.676493+00:00
2022-05-13T22:41:21.26934Z,1283655,29898.46000000,0.00003345,sell,2022-05-13 22:41:21.269340+00:00
2022-05-13T22:39:33.601438Z,1283654,29927.39000000,0.00233983,sell,2022-05-13 22:39:33.601438+00:00
2022-05-13T22:39:33.601438Z,1283653,29927.38000000,0.00050000,sell,2022-05-13 22:39:33.601438+00:00
2022-05-13T22:39:33.601438Z,1283652,29927.38000000,0.00232566,sell,2022-05-13 22:39:33.601438+00:00
2022-05-13T22:38:13.5863Z,1283651,29920.55000000,0.00001990,buy,2022-05-13 22:38:13.586300+00:00
2022-05-13T22:30:53.66816Z,1283650,29860.60000000,0.00015167,buy,2022-05-13 22:30:53.668160+00:00
2022-05-13T22:27:40.607289Z,1283649,29902.26000000,0.00002321,sell,2022-05-13 22:27:40.607289+00:00
2022-05-13T22:23:13.629643Z,1283648,29834.34000000,0.00072059,buy,2022-05-13 22:23:13.629643+00:00
2022-05-13T22:21:08.954729Z,1283647,29886.10000000,0.00003555,sell,2022-05-13 22:21:08.954729+00:00
2022-05-13T22:20:22.937656Z,1283646,29909.97000000,0.04000000,buy,2022-05-13 22:20:22.937656+00:00
2022-05-13T22:20:22.937656Z,1283645,29911.13000000,0.04000000,buy,2022-05-13 22:20:22.937656+00:00
2022-05-13T22:20:12.913609Z,1283644,29974.07000000,0.00078681,sell,2022-05-13 22:20:12.913609+00:00
2022-05-13T22:20:11.169568Z,1283643,29963.65000000,0.04533795,buy,2022-05-13 22:20:11.169568+00:00
2022-05-13T22:20:07.130217Z,1283642,29976.54000000,0.00008419,buy,2022-05-13 22:20:07.130217+00:00
2022-05-13T22:18:02.680857Z,1283641,29976.54000000,0.00002415,buy,2022-05-13 22:18:02.680857+00:00
2022-05-13T22:16:38.634961Z,1283640,30036.46000000,0.00237109,buy,2022-05-13 22:16:38.634961+00:00
2022-05-13T22:15:59.967196Z,1283639,30057.06000000,0.00003167,buy,2022-05-13 22:15:59.967196+00:00
2022-05-13T22:14:45.634265Z,1283638,30077.98000000,0.00040559,sell,2022-05-13 22:14:45.634265+00:00
2022-05-13T22:13:39.966777Z,1283637,30057.72000000,0.00045566,sell,2022-05-13 22:13:39.966777+00:00
2022-05-13T22:11:54.354081Z,1283636,30028.64000000,0.00002540,buy,2022-05-13 22:11:54.354081+00:00
2022-05-13T22:11:46.795107Z,1283635,30048.24000000,0.00196549,buy,2022-05-13 22:11:46.795107+00:00
2022-05-13T22:11:27.235679Z,1283634,30088.74000000,0.00120031,sell,2022-05-13 22:11:27.235679+00:00
2022-05-13T22:10:48.333581Z,1283633,30069.52000000,0.00006933,buy,2022-05-13 22:10:48.333581+00:00
2022-05-13T22:10:10.357784Z,1283632,30057.05000000,0.00273067,buy,2022-05-13 22:10:10.357784+00:00
2022-05-13T22:09:20.920074Z,1283631,30022.97000000,0.00114170,sell,2022-05-13 22:09:20.920074+00:00
2022-05-13T22:07:53.498657Z,1283630,30022.97000000,0.00158897,sell,2022-05-13 22:07:53.498657+00:00
2022-05-13T22:04:23.053271Z,1283629,30033.22000000,0.00004028,sell,2022-05-13 22:04:23.053271+00:00
2022-05-13T22:00:20.861313Z,1283628,29983.81000000,0.00009500,buy,2022-05-13 22:00:20.861313+00:00
2022-05-13T22:00:14.927746Z,1283627,29986.48000000,0.00273067,buy,2022-05-13 22:00:14.927746+00:00
2022-05-13T21:59:45.097799Z,1283626,30033.50000000,0.00025660,sell,2022-05-13 21:59:45.097799+00:00
2022-05-13T21:59:22.326838Z,1283625,30061.29000000,0.22130088,sell,2022-05-13 21:59:22.326838+00:00
2022-05-13T21:59:22.326838Z,1283624,30051.40000000,0.00002204,sell,2022-05-13 21:59:22.326838+00:00
2022-05-13T21:59:22.326838Z,1283623,30051.30000000,0.04783359,sell,2022-05-13 21:59:22.326838+00:00
2022-05-13T21:59:22.326838Z,1283622,30042.44000000,0.25003954,sell,2022-05-13 21:59:22.326838+00:00
2022-05-13T21:59:22.326838Z,1283621,30015.05000000,0.08335652,sell,2022-05-13 21:59:22.326838+00:00
2022-05-13T21:59:22.326838Z,1283620,30003.76000000,0.04000000,sell,2022-05-13 21:59:22.326838+00:00
2022-05-13T21:59:22.326838Z,1283619,30003.75000000,0.00050000,sell,2022-05-13 21:59:22.326838+00:00
2022-05-13T21:59:22.326838Z,1283618,30003.71000000,0.00833708,sell,2022-05-13 21:59:22.326838+00:00
2022-05-13T21:59:22.326838Z,1283617,30003.70000000,0.00112000,sell,2022-05-13 21:59:22.326838+00:00
2022-05-13T21:54:40.434067Z,1283616,29989.11000000,0.00094612,buy,2022-05-13 21:54:40.434067+00:00
2022-05-13T21:54:25.26001Z,1283615,29983.31000000,0.00012353,buy,2022-05-13 21:54:25.260010+00:00
2022-05-13T21:53:49.176235Z,1283614,30010.38000000,0.02273286,sell,2022-05-13 21:53:49.176235+00:00
2022-05-13T21:53:49.176235Z,1283613,30008.92000000,0.00833528,sell,2022-05-13 21:53:49.176235+00:00
2022-05-13T21:53:49.176235Z,1283612,30008.91000000,0.00159919,sell,2022-05-13 21:53:49.176235+00:00
2022-05-13T21:53:30.022637Z,1283611,29995.62000000,0.00003959,sell,2022-05-13 21:53:30.022637+00:00
2022-05-13T21:53:16.979812Z,1283610,29966.78000000,0.00117464,buy,2022-05-13 21:53:16.979812+00:00
2022-05-13T21:52:42.981727Z,1283609,30007.91000000,0.00002374,sell,2022-05-13 21:52:42.981727+00:00
2022-05-13T21:49:42.353057Z,1283608,29956.13000000,0.00006674,buy,2022-05-13 21:49:42.353057+00:00
2022-05-13T21:49:25.648096Z,1283607,30010.16000000,0.00095581,sell,2022-05-13 21:49:25.648096+00:00
2022-05-13T21:46:20.255488Z,1283606,29953.91000000,0.00006711,buy,2022-05-13 21:46:20.255488+00:00
2022-05-13T21:46:15.817312Z,1283605,29999.86000000,0.00029884,sell,2022-05-13 21:46:15.817312+00:00
2022-05-13T21:45:31.297741Z,1283604,30000.00000000,0.00076941,buy,2022-05-13 21:45:31.297741+00:00
2022-05-13T21:45:31.281612Z,1283603,29991.43000000,0.08342687,sell,2022-05-13 21:45:31.281612+00:00
2022-05-13T21:45:31.281612Z,1283602,29985.17000000,0.04000000,sell,2022-05-13 21:45:31.281612+00:00
2022-05-13T21:45:31.281612Z,1283601,29984.45000000,0.00834208,sell,2022-05-13 21:45:31.281612+00:00
2022-05-13T21:45:08.798533Z,1283600,30011.88000000,0.00006542,sell,2022-05-13 21:45:08.798533+00:00
2022-05-13T21:43:44.510522Z,1283599,30012.94000000,0.00212731,sell,2022-05-13 21:43:44.510522+00:00
2022-05-13T21:43:22.383164Z,1283598,29978.49000000,0.00029847,sell,2022-05-13 21:43:22.383164+00:00
2022-05-13T21:43:18.958728Z,1283597,29984.64000000,0.00006674,sell,2022-05-13 21:43:18.958728+00:00
2022-05-13T21:43:07.791515Z,1283596,29993.44000000,0.00263853,buy,2022-05-13 21:43:07.791515+00:00
2022-05-13T21:42:11.371449Z,1283595,29938.75000000,0.00018428,buy,2022-05-13 21:42:11.371449+00:00
2022-05-13T21:41:33.906657Z,1283594,29935.57000000,0.00029948,sell,2022-05-13 21:41:33.906657+00:00
2022-05-13T21:37:28.416464Z,1283593,29892.54000000,0.00063537,buy,2022-05-13 21:37:28.416464+00:00
2022-05-13T21:36:12.334708Z,1283592,29939.81000000,0.00063537,sell,2022-05-13 21:36:12.334708+00:00
