time,trade_id,price,size,side,date
2022-05-15T21:11:23.393457Z,337684520,30937.90000000,0.00168000,buy,2022-05-15 21:11:23.393457+00:00
2022-05-15T21:11:23.340281Z,337684519,30941.00000000,0.07448142,sell,2022-05-15 21:11:23.340281+00:00
2022-05-15T21:11:23.340281Z,337684518,30940.84000000,0.02454899,sell,2022-05-15 21:11:23.340281+00:00
2022-05-15T21:11:23.272272Z,337684517,30937.27000000,0.00030000,sell,2022-05-15 21:11:23.272272+00:00
2022-05-15T21:11:23.220234Z,337684516,30937.27000000,0.00010220,sell,2022-05-15 21:11:23.220234+00:00
2022-05-15T21:11:23.220234Z,337684515,30937.27000000,0.00489456,sell,2022-05-15 21:11:23.220234+00:00
2022-05-15T21:11:23.220234Z,337684514,30937.27000000,0.00043166,sell,2022-05-15 21:11:23.220234+00:00
2022-05-15T21:11:23.220234Z,337684513,30937.27000000,0.00125158,sell,2022-05-15 21:11:23.220234+00:00
2022-05-15T21:11:23.128355Z,337684512,30937.27000000,0.00075607,sell,2022-05-15 21:11:23.128355+00:00
2022-05-15T21:11:23.085131Z,337684511,30937.27000000,0.00472691,sell,2022-05-15 21:11:23.085131+00:00
2022-05-15T21:11:23.048488Z,337684510,30937.27000000,0.00309213,sell,2022-05-15 21:11:23.048488+00:00
2022-05-15T21:11:22.950522Z,337684509,30936.95000000,0.00006500,buy,2022-05-15 21:11:22.950522+00:00
2022-05-15T21:11:22.612076Z,337684508,30937.27000000,0.00494716,sell,2022-05-15 21:11:22.612076+00:00
2022-05-15T21:11:22.551614Z,337684507,30937.27000000,0.00004340,sell,2022-05-15 21:11:22.551614+00:00
2022-05-15T21:11:22.53707Z,337684506,30937.27000000,0.00065871,sell,2022-05-15 21:11:22.537070+00:00
2022-05-15T21:11:22.187759Z,337684505,30937.27000000,0.00002420,sell,2022-05-15 21:11:22.187759+00:00
2022-05-15T21:11:21.851262Z,337684504,30939.79000000,0.00720530,sell,2022-05-15 21:11:21.851262+00:00
2022-05-15T21:11:21.851262Z,337684503,30937.38000000,0.00077202,sell,2022-05-15 21:11:21.851262+00:00
2022-05-15T21:11:21.801188Z,337684502,30937.38000000,0.00250693,sell,2022-05-15 21:11:21.801188+00:00
2022-05-15T21:11:21.801188Z,337684501,30937.27000000,0.00058494,sell,2022-05-15 21:11:21.801188+00:00
2022-05-15T21:11:21.801188Z,337684500,30936.30000000,0.00443615,sell,2022-05-15 21:11:21.801188+00:00
2022-05-15T21:11:21.801188Z,337684499,30936.24000000,0.02415278,sell,2022-05-15 21:11:21.801188+00:00
2022-05-15T21:11:21.486023Z,337684498,30936.30000000,0.00028966,sell,2022-05-15 21:11:21.486023+00:00
2022-05-15T21:11:21.290279Z,337684497,30937.27000000,0.00265459,sell,2022-05-15 21:11:21.290279+00:00
2022-05-15T21:11:21.290279Z,337684496,30937.22000000,0.00046463,sell,2022-05-15 21:11:21.290279+00:00
2022-05-15T21:11:21.174571Z,337684495,30934.00000000,0.00004500,buy,2022-05-15 21:11:21.174571+00:00
2022-05-15T21:11:21.068711Z,337684494,30938.29000000,0.02445674,sell,2022-05-15 21:11:21.068711+00:00
2022-05-15T21:11:21.068711Z,337684493,30938.11000000,0.26224417,sell,2022-05-15 21:11:21.068711+00:00
2022-05-15T21:11:21.068711Z,337684492,30938.10000000,0.04600000,sell,2022-05-15 21:11:21.068711+00:00
2022-05-15T21:11:21.068711Z,337684491,30937.38000000,0.03336278,sell,2022-05-15 21:11:21.068711+00:00
2022-05-15T21:11:21.068711Z,337684490,30936.28000000,0.00100000,sell,2022-05-15 21:11:21.068711+00:00
2022-05-15T21:11:20.84508Z,337684489,30936.53000000,0.00241220,sell,2022-05-15 21:11:20.845080+00:00
2022-05-15T21:11:20.84508Z,337684488,30936.31000000,0.00100000,sell,2022-05-15 21:11:20.845080+00:00
2022-05-15T21:11:20.751719Z,337684487,30936.32000000,0.00098450,sell,2022-05-15 21:11:20.751719+00:00
2022-05-15T21:11:20.501201Z,337684486,30937.38000000,0.00093719,sell,2022-05-15 21:11:20.501201+00:00
2022-05-15T21:11:20.109679Z,337684485,30930.92000000,0.01250590,buy,2022-05-15 21:11:20.109679+00:00
2022-05-15T21:11:20.109679Z,337684484,30931.02000000,0.02022415,buy,2022-05-15 21:11:20.109679+00:00
2022-05-15T21:11:20.109679Z,337684483,30934.79000000,0.00216000,buy,2022-05-15 21:11:20.109679+00:00
2022-05-15T21:11:20.109679Z,337684482,30934.79000000,0.00001600,buy,2022-05-15 21:11:20.109679+00:00
2022-05-15T21:11:20.109679Z,337684481,30934.80000000,0.00292523,buy,2022-05-15 21:11:20.109679+00:00
2022-05-15T21:11:20.109679Z,337684480,30934.80000000,0.01282167,buy,2022-05-15 21:11:20.109679+00:00
2022-05-15T21:11:20.109679Z,337684479,30934.86000000,0.00477039,buy,2022-05-15 21:11:20.109679+00:00
2022-05-15T21:11:20.109679Z,337684478,30934.86000000,0.00456199,buy,2022-05-15 21:11:20.109679+00:00
2022-05-15T21:11:20.109679Z,337684477,30934.90000000,0.01334371,buy,2022-05-15 21:11:20.109679+00:00
2022-05-15T21:11:20.109679Z,337684476,30934.91000000,0.06682596,buy,2022-05-15 21:11:20.109679+00:00
2022-05-15T21:11:20.109679Z,337684475,30935.10000000,0.01413299,buy,2022-05-15 21:11:20.109679+00:00
2022-05-15T21:11:20.109679Z,337684474,30935.22000000,0.00179492,buy,2022-05-15 21:11:20.109679+00:00
2022-05-15T21:11:20.109679Z,337684473,30935.22000000,0.02427788,buy,2022-05-15 21:11:20.109679+00:00
2022-05-15T21:11:19.822793Z,337684472,30930.36000000,0.00013584,buy,2022-05-15 21:11:19.822793+00:00
2022-05-15T21:11:19.801518Z,337684471,30930.17000000,1.48793649,sell,2022-05-15 21:11:19.801518+00:00
2022-05-15T21:11:19.801131Z,337684470,30930.17000000,0.66666666,sell,2022-05-15 21:11:19.801131+00:00
2022-05-15T21:11:19.80052Z,337684469,30930.17000000,0.16026799,sell,2022-05-15 21:11:19.800520+00:00
2022-05-15T21:11:19.80052Z,337684468,30930.15000000,0.00100000,sell,2022-05-15 21:11:19.800520+00:00
2022-05-15T21:11:19.80052Z,337684467,30929.92000000,0.00122661,sell,2022-05-15 21:11:19.800520+00:00
2022-05-15T21:11:19.75196Z,337684466,30930.17000000,0.28977856,sell,2022-05-15 21:11:19.751960+00:00
2022-05-15T21:11:19.747282Z,337684465,30930.17000000,0.60444381,sell,2022-05-15 21:11:19.747282+00:00
2022-05-15T21:11:19.747282Z,337684464,30930.16000000,0.00100000,sell,2022-05-15 21:11:19.747282+00:00
2022-05-15T21:11:19.747282Z,337684463,30930.15000000,0.00175231,sell,2022-05-15 21:11:19.747282+00:00
2022-05-15T21:11:19.747282Z,337684462,30929.93000000,0.00175231,sell,2022-05-15 21:11:19.747282+00:00
2022-05-15T21:11:19.747282Z,337684461,30928.58000000,0.00100000,sell,2022-05-15 21:11:19.747282+00:00
2022-05-15T21:11:19.747282Z,337684460,30928.40000000,0.00100000,sell,2022-05-15 21:11:19.747282+00:00
2022-05-15T21:11:19.747282Z,337684459,30928.40000000,0.00175231,sell,2022-05-15 21:11:19.747282+00:00
2022-05-15T21:11:19.747282Z,337684458,30928.31000000,0.00100000,sell,2022-05-15 21:11:19.747282+00:00
2022-05-15T21:11:19.689261Z,337684457,30930.17000000,0.15321273,sell,2022-05-15 21:11:19.689261+00:00
2022-05-15T21:11:19.689261Z,337684456,30930.16000000,0.00175231,sell,2022-05-15 21:11:19.689261+00:00
2022-05-15T21:11:19.689261Z,337684455,30928.68000000,0.00120992,sell,2022-05-15 21:11:19.689261+00:00
2022-05-15T21:11:19.688857Z,337684454,30928.32000000,0.00120992,sell,2022-05-15 21:11:19.688857+00:00
2022-05-15T21:11:19.654548Z,337684453,30930.17000000,1.36290649,sell,2022-05-15 21:11:19.654548+00:00
2022-05-15T21:11:19.654548Z,337684452,30930.17000000,0.00149421,sell,2022-05-15 21:11:19.654548+00:00
2022-05-15T21:11:19.654548Z,337684451,30929.94000000,0.03830929,sell,2022-05-15 21:11:19.654548+00:00
2022-05-15T21:11:19.654548Z,337684450,30928.69000000,0.03234262,sell,2022-05-15 21:11:19.654548+00:00
2022-05-15T21:11:19.654548Z,337684449,30928.59000000,0.03333524,sell,2022-05-15 21:11:19.654548+00:00
2022-05-15T21:11:19.651052Z,337684448,30926.24000000,0.00121246,sell,2022-05-15 21:11:19.651052+00:00
2022-05-15T21:11:19.630196Z,337684447,30926.26000000,0.00000846,sell,2022-05-15 21:11:19.630196+00:00
2022-05-15T21:11:19.630196Z,337684446,30926.25000000,0.00250329,sell,2022-05-15 21:11:19.630196+00:00
2022-05-15T21:11:19.61379Z,337684445,30926.26000000,0.00172000,sell,2022-05-15 21:11:19.613790+00:00
2022-05-15T21:11:19.61379Z,337684444,30926.26000000,0.00100000,sell,2022-05-15 21:11:19.613790+00:00
2022-05-15T21:11:19.545657Z,337684443,30926.27000000,0.00005578,sell,2022-05-15 21:11:19.545657+00:00
2022-05-15T21:11:19.545657Z,337684442,30926.26000000,0.00100000,sell,2022-05-15 21:11:19.545657+00:00
2022-05-15T21:11:19.545657Z,337684441,30926.26000000,0.00246922,sell,2022-05-15 21:11:19.545657+00:00
2022-05-15T21:11:19.498185Z,337684440,30923.68000000,0.00525032,buy,2022-05-15 21:11:19.498185+00:00
2022-05-15T21:11:19.174525Z,337684439,30923.60000000,0.00078581,buy,2022-05-15 21:11:19.174525+00:00
2022-05-15T21:11:19.174525Z,337684438,30923.61000000,0.00201213,buy,2022-05-15 21:11:19.174525+00:00
2022-05-15T21:11:19.0569Z,337684437,30925.00000000,0.01000000,buy,2022-05-15 21:11:19.056900+00:00
2022-05-15T21:11:19.0569Z,337684436,30925.22000000,0.00251652,buy,2022-05-15 21:11:19.056900+00:00
2022-05-15T21:11:19.0569Z,337684435,30925.35000000,0.00251652,buy,2022-05-15 21:11:19.056900+00:00
2022-05-15T21:11:19.0569Z,337684434,30925.42000000,0.00251652,buy,2022-05-15 21:11:19.056900+00:00
2022-05-15T21:11:19.0569Z,337684433,30925.45000000,0.00251652,buy,2022-05-15 21:11:19.056900+00:00
2022-05-15T21:11:19.0569Z,337684432,30925.46000000,0.00100000,buy,2022-05-15 21:11:19.056900+00:00
2022-05-15T21:11:19.0569Z,337684431,30925.69000000,0.00287447,buy,2022-05-15 21:11:19.056900+00:00
2022-05-15T21:11:19.0569Z,337684430,30925.70000000,0.00100000,buy,2022-05-15 21:11:19.056900+00:00
2022-05-15T21:11:18.996606Z,337684429,30925.68000000,0.00100000,buy,2022-05-15 21:11:18.996606+00:00
2022-05-15T21:11:18.796505Z,337684428,30930.66000000,0.00000001,buy,2022-05-15 21:11:18.796505+00:00
2022-05-15T21:11:18.79636Z,337684427,30930.66000000,0.06799999,buy,2022-05-15 21:11:18.796360+00:00
2022-05-15T21:11:18.79636Z,337684426,30930.67000000,0.00100000,buy,2022-05-15 21:11:18.796360+00:00
2022-05-15T21:11:18.191603Z,337684425,30932.29000000,0.00003475,sell,2022-05-15 21:11:18.191603+00:00
2022-05-15T21:11:17.9047Z,337684424,30930.95000000,0.02475033,buy,2022-05-15 21:11:17.904700+00:00
2022-05-15T21:11:17.9047Z,337684423,30930.96000000,0.00104395,buy,2022-05-15 21:11:17.904700+00:00
2022-05-15T21:11:17.9047Z,337684422,30931.05000000,0.01243647,buy,2022-05-15 21:11:17.904700+00:00
2022-05-15T21:11:17.849869Z,337684421,30930.84000000,0.02750706,buy,2022-05-15 21:11:17.849869+00:00
2022-05-15T21:11:17.849869Z,337684420,30930.85000000,0.00149136,buy,2022-05-15 21:11:17.849869+00:00
2022-05-15T21:11:17.647443Z,337684419,30932.79000000,0.06800000,buy,2022-05-15 21:11:17.647443+00:00
2022-05-15T21:11:17.647443Z,337684418,30932.97000000,0.00213051,buy,2022-05-15 21:11:17.647443+00:00
2022-05-15T21:11:17.628408Z,337684417,30933.88000000,0.00154368,sell,2022-05-15 21:11:17.628408+00:00
2022-05-15T21:11:17.446687Z,337684416,30934.25000000,0.00139628,sell,2022-05-15 21:11:17.446687+00:00
2022-05-15T21:11:17.446687Z,337684415,30933.89000000,0.00100000,sell,2022-05-15 21:11:17.446687+00:00
2022-05-15T21:11:17.446687Z,337684414,30933.87000000,0.00100000,sell,2022-05-15 21:11:17.446687+00:00
2022-05-15T21:11:17.38056Z,337684413,30932.45000000,0.00009203,buy,2022-05-15 21:11:17.380560+00:00
2022-05-15T21:11:16.252536Z,337684412,30933.91000000,0.00028966,sell,2022-05-15 21:11:16.252536+00:00
2022-05-15T21:11:15.628134Z,337684411,30932.15000000,0.09843503,buy,2022-05-15 21:11:15.628134+00:00
2022-05-15T21:11:15.628134Z,337684410,30932.33000000,0.03054354,buy,2022-05-15 21:11:15.628134+00:00
2022-05-15T21:11:15.628134Z,337684409,30932.53000000,0.02960826,buy,2022-05-15 21:11:15.628134+00:00
2022-05-15T21:11:15.580843Z,337684408,30932.15000000,0.00550090,buy,2022-05-15 21:11:15.580843+00:00
2022-05-15T21:11:15.580843Z,337684407,30932.23000000,0.03748800,buy,2022-05-15 21:11:15.580843+00:00
2022-05-15T21:11:15.580843Z,337684406,30932.27000000,0.03480245,buy,2022-05-15 21:11:15.580843+00:00
2022-05-15T21:11:15.580843Z,337684405,30932.36000000,0.02987060,buy,2022-05-15 21:11:15.580843+00:00
2022-05-15T21:11:15.57142Z,337684404,30937.99000000,0.01334794,sell,2022-05-15 21:11:15.571420+00:00
2022-05-15T21:11:15.57142Z,337684403,30937.70000000,0.01455137,sell,2022-05-15 21:11:15.571420+00:00
2022-05-15T21:11:15.57142Z,337684402,30937.55000000,0.00301574,sell,2022-05-15 21:11:15.571420+00:00
2022-05-15T21:11:15.516058Z,337684401,30933.00000000,0.00438741,buy,2022-05-15 21:11:15.516058+00:00
2022-05-15T21:11:15.483567Z,337684400,30933.00000000,0.78844837,buy,2022-05-15 21:11:15.483567+00:00
2022-05-15T21:11:15.483567Z,337684399,30933.01000000,0.05595564,buy,2022-05-15 21:11:15.483567+00:00
2022-05-15T21:11:15.483567Z,337684398,30933.02000000,0.05000000,buy,2022-05-15 21:11:15.483567+00:00
2022-05-15T21:11:15.483567Z,337684397,30933.85000000,0.04700000,buy,2022-05-15 21:11:15.483567+00:00
2022-05-15T21:11:15.481658Z,337684396,30938.15000000,0.00216000,buy,2022-05-15 21:11:15.481658+00:00
2022-05-15T21:11:15.481658Z,337684395,30938.15000000,0.00000207,buy,2022-05-15 21:11:15.481658+00:00
2022-05-15T21:11:15.073025Z,337684394,30939.35000000,0.00205000,buy,2022-05-15 21:11:15.073025+00:00
2022-05-15T21:11:15.043651Z,337684393,30938.15000000,0.04999793,buy,2022-05-15 21:11:15.043651+00:00
2022-05-15T21:11:15.043651Z,337684392,30939.34000000,0.00000207,buy,2022-05-15 21:11:15.043651+00:00
2022-05-15T21:11:15.024116Z,337684391,30939.34000000,0.04999793,buy,2022-05-15 21:11:15.024116+00:00
2022-05-15T21:11:15.024116Z,337684390,30939.34000000,0.00178207,buy,2022-05-15 21:11:15.024116+00:00
2022-05-15T21:11:14.702725Z,337684389,30941.24000000,0.00321720,sell,2022-05-15 21:11:14.702725+00:00
2022-05-15T21:11:14.702581Z,337684388,30939.34000000,0.00167793,buy,2022-05-15 21:11:14.702581+00:00
2022-05-15T21:11:14.594583Z,337684387,30941.24000000,0.00003252,sell,2022-05-15 21:11:14.594583+00:00
2022-05-15T21:11:14.590905Z,337684386,30941.24000000,0.00661567,sell,2022-05-15 21:11:14.590905+00:00
2022-05-15T21:11:14.125836Z,337684385,30941.52000000,0.00160743,sell,2022-05-15 21:11:14.125836+00:00
2022-05-15T21:11:13.946777Z,337684384,30941.84000000,0.00012891,sell,2022-05-15 21:11:13.946777+00:00
2022-05-15T21:11:13.943429Z,337684383,30939.35000000,0.00101685,buy,2022-05-15 21:11:13.943429+00:00
2022-05-15T21:11:13.779251Z,337684382,30942.32000000,0.00410085,sell,2022-05-15 21:11:13.779251+00:00
2022-05-15T21:11:13.779251Z,337684381,30942.22000000,0.00082047,sell,2022-05-15 21:11:13.779251+00:00
2022-05-15T21:11:13.779251Z,337684380,30942.10000000,0.00865374,sell,2022-05-15 21:11:13.779251+00:00
2022-05-15T21:11:13.779251Z,337684379,30942.09000000,0.00251145,sell,2022-05-15 21:11:13.779251+00:00
2022-05-15T21:11:12.433355Z,337684378,30939.58000000,0.00005000,buy,2022-05-15 21:11:12.433355+00:00
2022-05-15T21:11:12.373788Z,337684377,30939.68000000,0.00016485,buy,2022-05-15 21:11:12.373788+00:00
2022-05-15T21:11:12.195073Z,337684376,30943.11000000,0.00154342,sell,2022-05-15 21:11:12.195073+00:00
2022-05-15T21:11:11.074046Z,337684375,30944.22000000,0.00003162,sell,2022-05-15 21:11:11.074046+00:00
2022-05-15T21:11:10.857059Z,337684374,30942.64000000,0.00006800,buy,2022-05-15 21:11:10.857059+00:00
2022-05-15T21:11:10.674839Z,337684373,30944.71000000,0.00463293,sell,2022-05-15 21:11:10.674839+00:00
2022-05-15T21:11:10.674839Z,337684372,30944.70000000,0.00464081,sell,2022-05-15 21:11:10.674839+00:00
2022-05-15T21:11:10.563132Z,337684371,30946.62000000,0.00183280,sell,2022-05-15 21:11:10.563132+00:00
2022-05-15T21:11:10.185055Z,337684370,30944.72000000,0.00028981,sell,2022-05-15 21:11:10.185055+00:00
2022-05-15T21:11:09.985954Z,337684369,30944.72000000,0.00009814,sell,2022-05-15 21:11:09.985954+00:00
2022-05-15T21:11:09.842939Z,337684368,30944.46000000,0.00095020,sell,2022-05-15 21:11:09.842939+00:00
2022-05-15T21:11:09.586143Z,337684367,30944.73000000,0.00378822,sell,2022-05-15 21:11:09.586143+00:00
2022-05-15T21:11:09.470099Z,337684366,30944.99000000,0.00046000,sell,2022-05-15 21:11:09.470099+00:00
2022-05-15T21:11:09.470099Z,337684365,30944.99000000,0.00013507,sell,2022-05-15 21:11:09.470099+00:00
2022-05-15T21:11:09.282149Z,337684364,30944.99000000,0.00086493,sell,2022-05-15 21:11:09.282149+00:00
2022-05-15T21:11:09.282149Z,337684363,30944.98000000,0.00067852,sell,2022-05-15 21:11:09.282149+00:00
2022-05-15T21:11:09.115607Z,337684362,30944.98000000,0.00032148,sell,2022-05-15 21:11:09.115607+00:00
2022-05-15T21:11:08.9179Z,337684361,30943.77000000,0.00145300,buy,2022-05-15 21:11:08.917900+00:00
2022-05-15T21:11:08.850813Z,337684360,30945.12000000,0.00067541,sell,2022-05-15 21:11:08.850813+00:00
2022-05-15T21:11:08.677082Z,337684359,30945.12000000,0.00059507,sell,2022-05-15 21:11:08.677082+00:00
2022-05-15T21:11:08.510286Z,337684358,30945.12000000,0.00004458,sell,2022-05-15 21:11:08.510286+00:00
2022-05-15T21:11:08.481335Z,337684357,30939.46000000,0.01560290,buy,2022-05-15 21:11:08.481335+00:00
2022-05-15T21:11:08.481335Z,337684356,30943.75000000,0.00078530,buy,2022-05-15 21:11:08.481335+00:00
2022-05-15T21:11:08.481335Z,337684355,30943.76000000,0.02792794,buy,2022-05-15 21:11:08.481335+00:00
2022-05-15T21:11:08.396336Z,337684354,30943.76000000,0.00207206,buy,2022-05-15 21:11:08.396336+00:00
2022-05-15T21:11:08.396336Z,337684353,30943.76000000,0.00279876,buy,2022-05-15 21:11:08.396336+00:00
2022-05-15T21:11:07.928786Z,337684352,30943.93000000,0.00002552,buy,2022-05-15 21:11:07.928786+00:00
2022-05-15T21:11:07.912238Z,337684351,30945.46000000,0.00047341,sell,2022-05-15 21:11:07.912238+00:00
2022-05-15T21:11:07.522663Z,337684350,30945.65000000,0.00065933,sell,2022-05-15 21:11:07.522663+00:00
2022-05-15T21:11:07.347834Z,337684349,30944.30000000,0.00005112,buy,2022-05-15 21:11:07.347834+00:00
2022-05-15T21:11:07.319663Z,337684348,30945.91000000,0.00037092,sell,2022-05-15 21:11:07.319663+00:00
2022-05-15T21:11:07.25556Z,337684347,30945.92000000,0.00544403,sell,2022-05-15 21:11:07.255560+00:00
2022-05-15T21:11:07.25556Z,337684346,30945.91000000,0.00505558,sell,2022-05-15 21:11:07.255560+00:00
2022-05-15T21:11:07.25556Z,337684345,30945.91000000,0.00226504,sell,2022-05-15 21:11:07.255560+00:00
2022-05-15T21:11:07.25556Z,337684344,30945.91000000,0.00206659,sell,2022-05-15 21:11:07.255560+00:00
2022-05-15T21:11:07.036885Z,337684343,30945.92000000,0.01298352,sell,2022-05-15 21:11:07.036885+00:00
2022-05-15T21:11:06.837187Z,337684342,30945.92000000,0.00028981,sell,2022-05-15 21:11:06.837187+00:00
2022-05-15T21:11:06.741268Z,337684341,30947.69000000,0.00012891,sell,2022-05-15 21:11:06.741268+00:00
2022-05-15T21:11:06.091783Z,337684340,30945.94000000,0.00772846,sell,2022-05-15 21:11:06.091783+00:00
2022-05-15T21:11:05.341482Z,337684339,30945.08000000,0.03900000,buy,2022-05-15 21:11:05.341482+00:00
2022-05-15T21:11:05.223988Z,337684338,30947.54000000,0.00421502,sell,2022-05-15 21:11:05.223988+00:00
2022-05-15T21:11:05.170859Z,337684337,30947.95000000,0.00000614,buy,2022-05-15 21:11:05.170859+00:00
2022-05-15T21:11:05.15851Z,337684336,30947.95000000,0.01698000,buy,2022-05-15 21:11:05.158510+00:00
2022-05-15T21:11:05.154775Z,337684335,30947.95000000,0.00019533,buy,2022-05-15 21:11:05.154775+00:00
2022-05-15T21:11:05.154775Z,337684334,30947.95000000,0.01629467,buy,2022-05-15 21:11:05.154775+00:00
2022-05-15T21:11:05.13456Z,337684333,30947.95000000,0.00020045,buy,2022-05-15 21:11:05.134560+00:00
2022-05-15T21:11:05.117188Z,337684332,30947.96000000,0.00075565,sell,2022-05-15 21:11:05.117188+00:00
2022-05-15T21:11:05.019736Z,337684331,30947.96000000,0.00015799,sell,2022-05-15 21:11:05.019736+00:00
2022-05-15T21:11:04.992815Z,337684330,30947.95000000,0.01350488,buy,2022-05-15 21:11:04.992815+00:00
2022-05-15T21:11:04.992815Z,337684329,30947.95000000,0.03413000,buy,2022-05-15 21:11:04.992815+00:00
2022-05-15T21:11:03.980568Z,337684328,30947.96000000,0.00028963,sell,2022-05-15 21:11:03.980568+00:00
2022-05-15T21:11:03.737372Z,337684327,30947.96000000,0.00075577,sell,2022-05-15 21:11:03.737372+00:00
2022-05-15T21:11:03.729393Z,337684326,30947.96000000,0.00006371,sell,2022-05-15 21:11:03.729393+00:00
2022-05-15T21:11:03.531433Z,337684325,30947.96000000,0.00231300,sell,2022-05-15 21:11:03.531433+00:00
2022-05-15T21:11:03.486095Z,337684324,30947.95000000,0.00093937,buy,2022-05-15 21:11:03.486095+00:00
2022-05-15T21:11:03.486095Z,337684323,30947.95000000,0.00035163,buy,2022-05-15 21:11:03.486095+00:00
2022-05-15T21:11:03.473566Z,337684322,30947.95000000,0.00029867,buy,2022-05-15 21:11:03.473566+00:00
2022-05-15T21:11:03.400599Z,337684321,30947.96000000,0.00059498,sell,2022-05-15 21:11:03.400599+00:00
2022-05-15T21:11:03.130722Z,337684320,30947.95000000,0.00929906,buy,2022-05-15 21:11:03.130722+00:00
2022-05-15T21:11:03.126912Z,337684319,30947.96000000,0.00013412,sell,2022-05-15 21:11:03.126912+00:00
2022-05-15T21:11:03.018079Z,337684318,30947.95000000,0.00784076,buy,2022-05-15 21:11:03.018079+00:00
2022-05-15T21:11:03.018079Z,337684317,30947.95000000,0.00019870,buy,2022-05-15 21:11:03.018079+00:00
2022-05-15T21:11:02.928263Z,337684316,30947.96000000,0.00392139,sell,2022-05-15 21:11:02.928263+00:00
2022-05-15T21:11:02.435974Z,337684315,30949.78000000,0.00779753,sell,2022-05-15 21:11:02.435974+00:00
2022-05-15T21:11:02.435974Z,337684314,30949.78000000,0.00100000,sell,2022-05-15 21:11:02.435974+00:00
2022-05-15T21:11:02.435974Z,337684313,30949.77000000,0.00100000,sell,2022-05-15 21:11:02.435974+00:00
2022-05-15T21:11:02.420484Z,337684312,30945.78000000,0.00009807,buy,2022-05-15 21:11:02.420484+00:00
2022-05-15T21:11:02.229955Z,337684311,30947.85000000,0.00037531,sell,2022-05-15 21:11:02.229955+00:00
2022-05-15T21:11:02.229955Z,337684310,30947.85000000,0.00100000,sell,2022-05-15 21:11:02.229955+00:00
2022-05-15T21:11:02.229955Z,337684309,30946.63000000,0.00045700,sell,2022-05-15 21:11:02.229955+00:00
2022-05-15T21:11:02.175749Z,337684308,30946.63000000,0.00054300,sell,2022-05-15 21:11:02.175749+00:00
2022-05-15T21:11:02.175749Z,337684307,30946.18000000,0.00100000,sell,2022-05-15 21:11:02.175749+00:00
2022-05-15T21:11:02.150654Z,337684306,30948.15000000,0.02188364,sell,2022-05-15 21:11:02.150654+00:00
2022-05-15T21:11:02.150654Z,337684305,30948.07000000,0.01573312,sell,2022-05-15 21:11:02.150654+00:00
2022-05-15T21:11:02.150654Z,337684304,30947.96000000,0.02840192,sell,2022-05-15 21:11:02.150654+00:00
2022-05-15T21:11:02.150654Z,337684303,30947.86000000,0.00303919,sell,2022-05-15 21:11:02.150654+00:00
2022-05-15T21:11:02.150654Z,337684302,30947.80000000,0.01920220,sell,2022-05-15 21:11:02.150654+00:00
2022-05-15T21:11:02.150654Z,337684301,30946.64000000,0.02794781,sell,2022-05-15 21:11:02.150654+00:00
2022-05-15T21:11:02.141866Z,337684300,30946.64000000,0.01805219,sell,2022-05-15 21:11:02.141866+00:00
2022-05-15T21:11:02.141866Z,337684299,30946.63000000,0.00101237,sell,2022-05-15 21:11:02.141866+00:00
2022-05-15T21:11:02.141866Z,337684298,30946.62000000,0.00101237,sell,2022-05-15 21:11:02.141866+00:00
2022-05-15T21:11:02.141866Z,337684297,30946.29000000,0.00101237,sell,2022-05-15 21:11:02.141866+00:00
2022-05-15T21:11:02.141866Z,337684296,30946.29000000,0.00100000,sell,2022-05-15 21:11:02.141866+00:00
2022-05-15T21:11:02.141866Z,337684295,30946.29000000,0.00100000,sell,2022-05-15 21:11:02.141866+00:00
2022-05-15T21:11:02.141866Z,337684294,30946.28000000,0.00100000,sell,2022-05-15 21:11:02.141866+00:00
2022-05-15T21:11:02.141866Z,337684293,30946.18000000,0.00807405,sell,2022-05-15 21:11:02.141866+00:00
2022-05-15T21:11:02.130331Z,337684292,30946.19000000,0.02317466,sell,2022-05-15 21:11:02.130331+00:00
2022-05-15T21:11:02.130331Z,337684291,30946.03000000,0.00100000,sell,2022-05-15 21:11:02.130331+00:00
2022-05-15T21:11:02.130331Z,337684290,30945.72000000,0.02341258,sell,2022-05-15 21:11:02.130331+00:00
2022-05-15T21:11:01.815557Z,337684289,30943.98000000,0.00034678,buy,2022-05-15 21:11:01.815557+00:00
2022-05-15T21:11:01.446455Z,337684288,30950.00000000,0.34198160,buy,2022-05-15 21:11:01.446455+00:00
2022-05-15T21:11:01.439301Z,337684287,30950.00000000,0.47107583,buy,2022-05-15 21:11:01.439301+00:00
2022-05-15T21:11:01.439301Z,337684286,30950.13000000,0.02352000,buy,2022-05-15 21:11:01.439301+00:00
2022-05-15T21:11:01.439301Z,337684285,30950.15000000,0.00272914,buy,2022-05-15 21:11:01.439301+00:00
2022-05-15T21:11:01.439301Z,337684284,30950.16000000,0.00000296,buy,2022-05-15 21:11:01.439301+00:00
2022-05-15T21:11:01.439211Z,337684283,30950.16000000,0.00123086,buy,2022-05-15 21:11:01.439211+00:00
2022-05-15T21:11:01.439211Z,337684282,30950.16000000,0.00272914,buy,2022-05-15 21:11:01.439211+00:00
2022-05-15T21:11:01.320924Z,337684281,30950.16000000,0.00059405,buy,2022-05-15 21:11:01.320924+00:00
2022-05-15T21:11:01.214636Z,337684280,30950.50000000,0.00083313,sell,2022-05-15 21:11:01.214636+00:00
2022-05-15T21:11:01.214636Z,337684279,30950.50000000,0.00071021,sell,2022-05-15 21:11:01.214636+00:00
2022-05-15T21:11:01.200246Z,337684278,30950.50000000,0.00028979,sell,2022-05-15 21:11:01.200246+00:00
2022-05-15T21:11:01.172959Z,337684277,30950.51000000,0.00012890,sell,2022-05-15 21:11:01.172959+00:00
2022-05-15T21:11:01.015086Z,337684276,30950.65000000,0.00028979,sell,2022-05-15 21:11:01.015086+00:00
2022-05-15T21:11:00.886595Z,337684275,30950.74000000,0.01327000,buy,2022-05-15 21:11:00.886595+00:00
2022-05-15T21:11:00.886595Z,337684274,30950.80000000,0.00000058,buy,2022-05-15 21:11:00.886595+00:00
2022-05-15T21:11:00.878698Z,337684273,30950.80000000,0.03436236,buy,2022-05-15 21:11:00.878698+00:00
2022-05-15T21:11:00.878698Z,337684272,30950.80000000,0.06800000,buy,2022-05-15 21:11:00.878698+00:00
2022-05-15T21:11:00.878698Z,337684271,30950.80000000,0.00076764,buy,2022-05-15 21:11:00.878698+00:00
2022-05-15T21:11:00.859812Z,337684270,30950.80000000,0.00041737,buy,2022-05-15 21:11:00.859812+00:00
2022-05-15T21:11:00.760163Z,337684269,30950.81000000,0.01600801,sell,2022-05-15 21:11:00.760163+00:00
2022-05-15T21:11:00.735835Z,337684268,30950.80000000,0.00057759,buy,2022-05-15 21:11:00.735835+00:00
2022-05-15T21:11:00.648217Z,337684267,30950.81000000,0.00247253,sell,2022-05-15 21:11:00.648217+00:00
2022-05-15T21:11:00.582863Z,337684266,30950.81000000,0.00192394,sell,2022-05-15 21:11:00.582863+00:00
2022-05-15T21:11:00.582863Z,337684265,30950.80000000,0.00019461,sell,2022-05-15 21:11:00.582863+00:00
2022-05-15T21:11:00.582863Z,337684264,30950.80000000,0.00100000,sell,2022-05-15 21:11:00.582863+00:00
2022-05-15T21:11:00.424865Z,337684263,30950.79000000,0.00045455,buy,2022-05-15 21:11:00.424865+00:00
2022-05-15T21:11:00.416849Z,337684262,30950.81000000,0.00178766,sell,2022-05-15 21:11:00.416849+00:00
2022-05-15T21:11:00.416849Z,337684261,30950.80000000,0.00100000,sell,2022-05-15 21:11:00.416849+00:00
2022-05-15T21:11:00.416849Z,337684260,30950.80000000,0.00100000,sell,2022-05-15 21:11:00.416849+00:00
2022-05-15T21:11:00.211264Z,337684259,30950.79000000,0.00033083,buy,2022-05-15 21:11:00.211264+00:00
2022-05-15T21:11:00.211264Z,337684258,30950.79000000,0.00002220,buy,2022-05-15 21:11:00.211264+00:00
2022-05-15T21:11:00.016621Z,337684257,30950.81000000,0.00388338,sell,2022-05-15 21:11:00.016621+00:00
2022-05-15T21:11:00.016621Z,337684256,30950.79000000,0.00019646,sell,2022-05-15 21:11:00.016621+00:00
2022-05-15T21:10:59.9699Z,337684255,30950.79000000,0.00080354,sell,2022-05-15 21:10:59.969900+00:00
2022-05-15T21:10:59.88513Z,337684254,30950.75000000,0.00054328,sell,2022-05-15 21:10:59.885130+00:00
2022-05-15T21:10:59.88513Z,337684253,30950.75000000,0.00100000,sell,2022-05-15 21:10:59.885130+00:00
2022-05-15T21:10:59.632391Z,337684252,30950.75000000,0.00003378,sell,2022-05-15 21:10:59.632391+00:00
2022-05-15T21:10:59.163223Z,337684251,30951.88000000,0.01116061,sell,2022-05-15 21:10:59.163223+00:00
2022-05-15T21:10:59.163223Z,337684250,30951.87000000,0.00316541,sell,2022-05-15 21:10:59.163223+00:00
2022-05-15T21:10:59.163223Z,337684249,30950.72000000,0.00224641,sell,2022-05-15 21:10:59.163223+00:00
2022-05-15T21:10:59.163223Z,337684248,30950.71000000,0.00410330,sell,2022-05-15 21:10:59.163223+00:00
2022-05-15T21:10:59.163223Z,337684247,30950.71000000,0.00100000,sell,2022-05-15 21:10:59.163223+00:00
2022-05-15T21:10:59.163223Z,337684246,30950.71000000,0.00224641,sell,2022-05-15 21:10:59.163223+00:00
2022-05-15T21:10:58.758803Z,337684245,30950.65000000,0.00081171,buy,2022-05-15 21:10:58.758803+00:00
2022-05-15T21:10:58.446504Z,337684244,30950.57000000,0.00099151,buy,2022-05-15 21:10:58.446504+00:00
2022-05-15T21:10:58.446504Z,337684243,30950.57000000,0.00211249,buy,2022-05-15 21:10:58.446504+00:00
2022-05-15T21:10:58.254778Z,337684242,30951.93000000,0.00046296,sell,2022-05-15 21:10:58.254778+00:00
2022-05-15T21:10:58.254778Z,337684241,30951.92000000,0.00100000,sell,2022-05-15 21:10:58.254778+00:00
2022-05-15T21:10:58.254778Z,337684240,30951.91000000,0.00067855,sell,2022-05-15 21:10:58.254778+00:00
2022-05-15T21:10:58.112487Z,337684239,30951.89000000,0.00231446,sell,2022-05-15 21:10:58.112487+00:00
2022-05-15T21:10:58.008804Z,337684238,30951.91000000,0.00032145,sell,2022-05-15 21:10:58.008804+00:00
2022-05-15T21:10:57.741631Z,337684237,30952.01000000,0.00059485,sell,2022-05-15 21:10:57.741631+00:00
2022-05-15T21:10:57.625677Z,337684236,30952.02000000,0.00075561,sell,2022-05-15 21:10:57.625677+00:00
2022-05-15T21:10:57.414578Z,337684235,30952.36000000,0.19062891,sell,2022-05-15 21:10:57.414578+00:00
2022-05-15T21:10:57.414578Z,337684234,30952.36000000,0.01510273,sell,2022-05-15 21:10:57.414578+00:00
2022-05-15T21:10:57.414578Z,337684233,30952.35000000,0.00100000,sell,2022-05-15 21:10:57.414578+00:00
2022-05-15T21:10:57.414578Z,337684232,30952.34000000,0.00100000,sell,2022-05-15 21:10:57.414578+00:00
2022-05-15T21:10:57.414578Z,337684231,30952.10000000,0.00100000,sell,2022-05-15 21:10:57.414578+00:00
2022-05-15T21:10:57.414578Z,337684230,30952.10000000,0.01564103,sell,2022-05-15 21:10:57.414578+00:00
2022-05-15T21:10:57.414578Z,337684229,30952.09000000,0.00100000,sell,2022-05-15 21:10:57.414578+00:00
2022-05-15T21:10:57.414578Z,337684228,30952.08000000,0.00100000,sell,2022-05-15 21:10:57.414578+00:00
2022-05-15T21:10:57.414578Z,337684227,30952.07000000,0.00100000,sell,2022-05-15 21:10:57.414578+00:00
2022-05-15T21:10:57.380193Z,337684226,30952.10000000,0.00262711,sell,2022-05-15 21:10:57.380193+00:00
2022-05-15T21:10:57.362238Z,337684225,30952.09000000,0.00198638,sell,2022-05-15 21:10:57.362238+00:00
2022-05-15T21:10:57.362238Z,337684224,30951.87000000,0.00110420,sell,2022-05-15 21:10:57.362238+00:00
2022-05-15T21:10:57.135957Z,337684223,30950.04000000,0.00193600,buy,2022-05-15 21:10:57.135957+00:00
2022-05-15T21:10:57.10061Z,337684222,30951.87000000,0.00002081,sell,2022-05-15 21:10:57.100610+00:00
2022-05-15T21:10:56.904756Z,337684221,30950.00000000,0.00829582,buy,2022-05-15 21:10:56.904756+00:00
2022-05-15T21:10:56.904756Z,337684220,30952.35000000,0.00216000,buy,2022-05-15 21:10:56.904756+00:00
2022-05-15T21:10:56.904756Z,337684219,30952.35000000,0.00124998,buy,2022-05-15 21:10:56.904756+00:00
2022-05-15T21:10:56.535054Z,337684218,30952.36000000,0.00160573,sell,2022-05-15 21:10:56.535054+00:00
2022-05-15T21:10:56.485913Z,337684217,30952.36000000,0.00472508,sell,2022-05-15 21:10:56.485913+00:00
2022-05-15T21:10:56.244031Z,337684216,30956.44000000,0.00181767,sell,2022-05-15 21:10:56.244031+00:00
2022-05-15T21:10:56.244031Z,337684215,30952.36000000,0.00129962,sell,2022-05-15 21:10:56.244031+00:00
2022-05-15T21:10:55.231411Z,337684214,30951.34000000,0.00075556,sell,2022-05-15 21:10:55.231411+00:00
2022-05-15T21:10:54.814445Z,337684213,30953.18000000,0.00029860,sell,2022-05-15 21:10:54.814445+00:00
2022-05-15T21:10:54.814445Z,337684212,30952.94000000,0.00139526,sell,2022-05-15 21:10:54.814445+00:00
2022-05-15T21:10:54.703242Z,337684211,30951.34000000,0.00892298,sell,2022-05-15 21:10:54.703242+00:00
2022-05-15T21:10:54.172873Z,337684210,30953.30000000,0.00061908,sell,2022-05-15 21:10:54.172873+00:00
2022-05-15T21:10:54.16715Z,337684209,30950.00000000,0.00082327,buy,2022-05-15 21:10:54.167150+00:00
2022-05-15T21:10:54.16715Z,337684208,30950.75000000,0.00431000,buy,2022-05-15 21:10:54.167150+00:00
2022-05-15T21:10:54.16715Z,337684207,30950.87000000,0.00100000,buy,2022-05-15 21:10:54.167150+00:00
2022-05-15T21:10:53.984208Z,337684206,30953.22000000,0.00059495,sell,2022-05-15 21:10:53.984208+00:00
2022-05-15T21:10:53.89699Z,337684205,30950.76000000,0.01013288,buy,2022-05-15 21:10:53.896990+00:00
2022-05-15T21:10:53.89699Z,337684204,30950.76000000,0.00100000,buy,2022-05-15 21:10:53.896990+00:00
2022-05-15T21:10:53.7463Z,337684203,30953.15000000,0.00106000,sell,2022-05-15 21:10:53.746300+00:00
2022-05-15T21:10:53.693013Z,337684202,30953.15000000,0.00028974,sell,2022-05-15 21:10:53.693013+00:00
2022-05-15T21:10:53.595721Z,337684201,30953.15000000,0.00010635,sell,2022-05-15 21:10:53.595721+00:00
2022-05-15T21:10:53.569139Z,337684200,30953.15000000,0.00015825,sell,2022-05-15 21:10:53.569139+00:00
2022-05-15T21:10:53.56279Z,337684199,30950.00000000,0.00361878,buy,2022-05-15 21:10:53.562790+00:00
2022-05-15T21:10:53.56279Z,337684198,30950.43000000,0.00120074,buy,2022-05-15 21:10:53.562790+00:00
2022-05-15T21:10:53.446815Z,337684197,30953.08000000,0.00002694,sell,2022-05-15 21:10:53.446815+00:00
2022-05-15T21:10:53.434813Z,337684196,30953.08000000,0.00160548,sell,2022-05-15 21:10:53.434813+00:00
2022-05-15T21:10:53.349829Z,337684195,30950.00000000,0.02723372,buy,2022-05-15 21:10:53.349829+00:00
2022-05-15T21:10:53.349829Z,337684194,30950.34000000,0.01000000,buy,2022-05-15 21:10:53.349829+00:00
2022-05-15T21:10:53.349829Z,337684193,30950.56000000,0.00143847,buy,2022-05-15 21:10:53.349829+00:00
2022-05-15T21:10:53.345891Z,337684192,30951.33000000,0.00064605,sell,2022-05-15 21:10:53.345891+00:00
2022-05-15T21:10:53.257402Z,337684191,30953.46000000,0.00295359,sell,2022-05-15 21:10:53.257402+00:00
2022-05-15T21:10:53.257402Z,337684190,30953.23000000,0.00016361,sell,2022-05-15 21:10:53.257402+00:00
2022-05-15T21:10:53.240946Z,337684189,30953.23000000,0.04003391,sell,2022-05-15 21:10:53.240946+00:00
2022-05-15T21:10:53.240946Z,337684188,30951.34000000,0.00180045,sell,2022-05-15 21:10:53.240946+00:00
2022-05-15T21:10:53.240946Z,337684187,30951.32000000,0.00049898,sell,2022-05-15 21:10:53.240946+00:00
2022-05-15T21:10:53.240946Z,337684186,30951.32000000,0.00609286,sell,2022-05-15 21:10:53.240946+00:00
2022-05-15T21:10:53.240946Z,337684185,30951.31000000,0.00157380,sell,2022-05-15 21:10:53.240946+00:00
2022-05-15T21:10:53.212434Z,337684184,30951.32000000,0.00075551,sell,2022-05-15 21:10:53.212434+00:00
2022-05-15T21:10:53.156575Z,337684183,30953.45000000,0.00075551,sell,2022-05-15 21:10:53.156575+00:00
2022-05-15T21:10:53.103242Z,337684182,30953.46000000,0.00154300,sell,2022-05-15 21:10:53.103242+00:00
2022-05-15T21:10:52.976838Z,337684181,30950.34000000,0.00064500,buy,2022-05-15 21:10:52.976838+00:00
2022-05-15T21:10:52.965498Z,337684180,30953.94000000,0.00043402,sell,2022-05-15 21:10:52.965498+00:00
2022-05-15T21:10:52.949772Z,337684179,30950.34000000,0.00010000,buy,2022-05-15 21:10:52.949772+00:00
2022-05-15T21:10:52.889976Z,337684178,30954.10000000,0.00022547,sell,2022-05-15 21:10:52.889976+00:00
2022-05-15T21:10:52.848856Z,337684177,30953.06000000,0.00160545,sell,2022-05-15 21:10:52.848856+00:00
2022-05-15T21:10:52.837606Z,337684176,30954.09000000,0.00100000,buy,2022-05-15 21:10:52.837606+00:00
2022-05-15T21:10:52.810551Z,337684175,30954.10000000,0.00075535,sell,2022-05-15 21:10:52.810551+00:00
2022-05-15T21:10:52.734394Z,337684174,30950.00000000,0.00655100,buy,2022-05-15 21:10:52.734394+00:00
2022-05-15T21:10:52.734394Z,337684173,30950.20000000,0.00100000,buy,2022-05-15 21:10:52.734394+00:00
2022-05-15T21:10:52.734394Z,337684172,30950.52000000,0.00100000,buy,2022-05-15 21:10:52.734394+00:00
2022-05-15T21:10:52.708135Z,337684171,30950.00000000,0.36971843,buy,2022-05-15 21:10:52.708135+00:00
2022-05-15T21:10:52.708135Z,337684170,30950.18000000,0.00408431,buy,2022-05-15 21:10:52.708135+00:00
2022-05-15T21:10:52.647444Z,337684169,30950.00000000,0.05150000,buy,2022-05-15 21:10:52.647444+00:00
2022-05-15T21:10:52.633782Z,337684168,30950.00000000,0.88731771,buy,2022-05-15 21:10:52.633782+00:00
2022-05-15T21:10:52.633782Z,337684167,30950.19000000,0.08900000,buy,2022-05-15 21:10:52.633782+00:00
2022-05-15T21:10:52.633782Z,337684166,30953.89000000,0.12158229,buy,2022-05-15 21:10:52.633782+00:00
2022-05-15T21:10:52.633782Z,337684165,30954.08000000,0.00100000,buy,2022-05-15 21:10:52.633782+00:00
2022-05-15T21:10:52.588886Z,337684164,30950.41000000,0.02330964,buy,2022-05-15 21:10:52.588886+00:00
2022-05-15T21:10:52.588886Z,337684163,30950.51000000,0.01591487,buy,2022-05-15 21:10:52.588886+00:00
2022-05-15T21:10:52.577402Z,337684162,30950.61000000,0.04600000,buy,2022-05-15 21:10:52.577402+00:00
2022-05-15T21:10:52.577402Z,337684161,30950.61000000,0.00411341,buy,2022-05-15 21:10:52.577402+00:00
2022-05-15T21:10:52.577402Z,337684160,30950.62000000,0.00100000,buy,2022-05-15 21:10:52.577402+00:00
2022-05-15T21:10:52.577402Z,337684159,30950.67000000,0.01354963,buy,2022-05-15 21:10:52.577402+00:00
2022-05-15T21:10:52.577402Z,337684158,30950.73000000,0.02433799,buy,2022-05-15 21:10:52.577402+00:00
2022-05-15T21:10:52.577402Z,337684157,30950.79000000,0.01729407,buy,2022-05-15 21:10:52.577402+00:00
2022-05-15T21:10:52.576785Z,337684156,30954.07000000,0.00100000,buy,2022-05-15 21:10:52.576785+00:00
2022-05-15T21:10:52.459643Z,337684155,30956.16000000,0.39234453,buy,2022-05-15 21:10:52.459643+00:00
2022-05-15T21:10:52.413Z,337684154,30962.88000000,0.00116000,buy,2022-05-15 21:10:52.413000+00:00
2022-05-15T21:10:52.397762Z,337684153,30962.88000000,0.00467427,buy,2022-05-15 21:10:52.397762+00:00
2022-05-15T21:10:52.397762Z,337684152,30962.89000000,0.00216000,buy,2022-05-15 21:10:52.397762+00:00
2022-05-15T21:10:52.388724Z,337684151,30962.89000000,0.00100000,buy,2022-05-15 21:10:52.388724+00:00
2022-05-15T21:10:52.255602Z,337684150,30964.37000000,0.01124654,sell,2022-05-15 21:10:52.255602+00:00
2022-05-15T21:10:52.221278Z,337684149,30962.89000000,0.00043698,buy,2022-05-15 21:10:52.221278+00:00
2022-05-15T21:10:52.221278Z,337684148,30962.90000000,0.00100000,buy,2022-05-15 21:10:52.221278+00:00
2022-05-15T21:10:51.64755Z,337684147,30962.89000000,0.00321546,sell,2022-05-15 21:10:51.647550+00:00
2022-05-15T21:10:51.024061Z,337684146,30962.92000000,0.00018042,sell,2022-05-15 21:10:51.024061+00:00
2022-05-15T21:10:51.024061Z,337684145,30962.91000000,0.00178348,sell,2022-05-15 21:10:51.024061+00:00
2022-05-15T21:10:51.024061Z,337684144,30962.91000000,0.00152765,sell,2022-05-15 21:10:51.024061+00:00
2022-05-15T21:10:50.539567Z,337684143,30963.32000000,0.00008301,sell,2022-05-15 21:10:50.539567+00:00
2022-05-15T21:10:50.363028Z,337684142,30961.58000000,0.02214927,buy,2022-05-15 21:10:50.363028+00:00
2022-05-15T21:10:50.363028Z,337684141,30961.65000000,0.00175092,buy,2022-05-15 21:10:50.363028+00:00
2022-05-15T21:10:50.363028Z,337684140,30961.66000000,0.00175092,buy,2022-05-15 21:10:50.363028+00:00
2022-05-15T21:10:50.363028Z,337684139,30961.67000000,0.00251409,buy,2022-05-15 21:10:50.363028+00:00
2022-05-15T21:10:50.363028Z,337684138,30961.86000000,0.00111859,buy,2022-05-15 21:10:50.363028+00:00
2022-05-15T21:10:50.363028Z,337684137,30961.88000000,0.04600000,buy,2022-05-15 21:10:50.363028+00:00
2022-05-15T21:10:50.363028Z,337684136,30961.88000000,0.00251660,buy,2022-05-15 21:10:50.363028+00:00
2022-05-15T21:10:50.363028Z,337684135,30961.89000000,0.00111859,buy,2022-05-15 21:10:50.363028+00:00
2022-05-15T21:10:50.363028Z,337684134,30961.89000000,0.00100000,buy,2022-05-15 21:10:50.363028+00:00
2022-05-15T21:10:50.363028Z,337684133,30961.90000000,0.00100000,buy,2022-05-15 21:10:50.363028+00:00
2022-05-15T21:10:50.363028Z,337684132,30962.37000000,0.00034532,buy,2022-05-15 21:10:50.363028+00:00
2022-05-15T21:10:49.705813Z,337684131,30963.83000000,0.00247198,sell,2022-05-15 21:10:49.705813+00:00
2022-05-15T21:10:49.681984Z,337684130,30963.89000000,0.00207274,buy,2022-05-15 21:10:49.681984+00:00
2022-05-15T21:10:49.681984Z,337684129,30963.89000000,0.00116644,buy,2022-05-15 21:10:49.681984+00:00
2022-05-15T21:10:49.671042Z,337684128,30963.89000000,0.00061915,buy,2022-05-15 21:10:49.671042+00:00
2022-05-15T21:10:49.646882Z,337684127,30963.90000000,0.00544407,sell,2022-05-15 21:10:49.646882+00:00
2022-05-15T21:10:49.646882Z,337684126,30963.90000000,0.00302187,sell,2022-05-15 21:10:49.646882+00:00
2022-05-15T21:10:49.646882Z,337684125,30963.90000000,0.00100000,sell,2022-05-15 21:10:49.646882+00:00
2022-05-15T21:10:49.630528Z,337684124,30963.89000000,0.00166635,buy,2022-05-15 21:10:49.630528+00:00
2022-05-15T21:10:49.630528Z,337684123,30963.89000000,0.04330000,buy,2022-05-15 21:10:49.630528+00:00
2022-05-15T21:10:49.490216Z,337684122,30963.89000000,0.00022719,buy,2022-05-15 21:10:49.490216+00:00
2022-05-15T21:10:49.127729Z,337684121,30962.98000000,0.00071512,buy,2022-05-15 21:10:49.127729+00:00
2022-05-15T21:10:49.127729Z,337684120,30963.14000000,0.02834503,buy,2022-05-15 21:10:49.127729+00:00
2022-05-15T21:10:49.127729Z,337684119,30963.20000000,0.03093985,buy,2022-05-15 21:10:49.127729+00:00
2022-05-15T21:10:49.097877Z,337684118,30966.44000000,0.00154266,sell,2022-05-15 21:10:49.097877+00:00
2022-05-15T21:10:49.089598Z,337684117,30966.44000000,0.00231446,sell,2022-05-15 21:10:49.089598+00:00
2022-05-15T21:10:48.860989Z,337684116,30965.05000000,0.06320225,sell,2022-05-15 21:10:48.860989+00:00
2022-05-15T21:10:48.819098Z,337684115,30965.05000000,0.00028975,sell,2022-05-15 21:10:48.819098+00:00
2022-05-15T21:10:48.788716Z,337684114,30964.77000000,0.01821089,sell,2022-05-15 21:10:48.788716+00:00
2022-05-15T21:10:48.788716Z,337684113,30964.63000000,0.01659883,sell,2022-05-15 21:10:48.788716+00:00
2022-05-15T21:10:48.788716Z,337684112,30961.18000000,0.00000014,sell,2022-05-15 21:10:48.788716+00:00
2022-05-15T21:10:48.739442Z,337684111,30961.18000000,0.00099986,sell,2022-05-15 21:10:48.739442+00:00
2022-05-15T21:10:48.739442Z,337684110,30961.18000000,0.00100000,sell,2022-05-15 21:10:48.739442+00:00
2022-05-15T21:10:48.739442Z,337684109,30960.02000000,0.00000014,sell,2022-05-15 21:10:48.739442+00:00
2022-05-15T21:10:48.675145Z,337684108,30960.02000000,0.03231000,sell,2022-05-15 21:10:48.675145+00:00
2022-05-15T21:10:48.628898Z,337684107,30961.19000000,0.01483519,sell,2022-05-15 21:10:48.628898+00:00
2022-05-15T21:10:48.628898Z,337684106,30960.02000000,0.01536905,sell,2022-05-15 21:10:48.628898+00:00
2022-05-15T21:10:48.628898Z,337684105,30959.60000000,0.00100000,sell,2022-05-15 21:10:48.628898+00:00
2022-05-15T21:10:48.628898Z,337684104,30959.60000000,0.00045691,sell,2022-05-15 21:10:48.628898+00:00
2022-05-15T21:10:48.582841Z,337684103,30959.60000000,0.00054309,sell,2022-05-15 21:10:48.582841+00:00
2022-05-15T21:10:48.582841Z,337684102,30959.60000000,0.00100000,sell,2022-05-15 21:10:48.582841+00:00
2022-05-15T21:10:48.423529Z,337684101,30956.78000000,0.00227602,buy,2022-05-15 21:10:48.423529+00:00
2022-05-15T21:10:48.423529Z,337684100,30956.78000000,0.00096956,buy,2022-05-15 21:10:48.423529+00:00
2022-05-15T21:10:48.363529Z,337684099,30956.78000000,0.00013400,buy,2022-05-15 21:10:48.363529+00:00
2022-05-15T21:10:48.224183Z,337684098,30956.79000000,0.00009203,sell,2022-05-15 21:10:48.224183+00:00
2022-05-15T21:10:47.837922Z,337684097,30956.79000000,0.00054270,sell,2022-05-15 21:10:47.837922+00:00
2022-05-15T21:10:47.837922Z,337684096,30956.79000000,0.00100000,sell,2022-05-15 21:10:47.837922+00:00
2022-05-15T21:10:47.627322Z,337684095,30956.77000000,0.00007961,buy,2022-05-15 21:10:47.627322+00:00
2022-05-15T21:10:47.627322Z,337684094,30956.77000000,0.00114795,buy,2022-05-15 21:10:47.627322+00:00
2022-05-15T21:10:47.627322Z,337684093,30956.77000000,0.00206448,buy,2022-05-15 21:10:47.627322+00:00
2022-05-15T21:10:47.314713Z,337684092,30956.98000000,0.00091346,sell,2022-05-15 21:10:47.314713+00:00
2022-05-15T21:10:47.314713Z,337684091,30956.97000000,0.00100000,sell,2022-05-15 21:10:47.314713+00:00
2022-05-15T21:10:47.113504Z,337684090,30957.02000000,0.00185392,sell,2022-05-15 21:10:47.113504+00:00
2022-05-15T21:10:47.113504Z,337684089,30957.01000000,0.00258785,sell,2022-05-15 21:10:47.113504+00:00
2022-05-15T21:10:47.113504Z,337684088,30956.99000000,0.00181149,sell,2022-05-15 21:10:47.113504+00:00
2022-05-15T21:10:47.113504Z,337684087,30956.89000000,0.00102729,sell,2022-05-15 21:10:47.113504+00:00
2022-05-15T21:10:47.113504Z,337684086,30956.89000000,0.00041162,sell,2022-05-15 21:10:47.113504+00:00
2022-05-15T21:10:47.087603Z,337684085,30956.73000000,0.00043503,buy,2022-05-15 21:10:47.087603+00:00
2022-05-15T21:10:47.072279Z,337684084,30956.89000000,0.00061915,sell,2022-05-15 21:10:47.072279+00:00
2022-05-15T21:10:46.755248Z,337684083,30957.00000000,0.00006342,sell,2022-05-15 21:10:46.755248+00:00
2022-05-15T21:10:46.755248Z,337684082,30957.00000000,0.00146756,sell,2022-05-15 21:10:46.755248+00:00
2022-05-15T21:10:46.755248Z,337684081,30957.00000000,0.00016346,sell,2022-05-15 21:10:46.755248+00:00
2022-05-15T21:10:46.658397Z,337684080,30957.00000000,0.00242439,sell,2022-05-15 21:10:46.658397+00:00
2022-05-15T21:10:46.329292Z,337684079,30959.27000000,0.00216000,buy,2022-05-15 21:10:46.329292+00:00
2022-05-15T21:10:46.234794Z,337684078,30959.52000000,0.00327530,sell,2022-05-15 21:10:46.234794+00:00
2022-05-15T21:10:46.130435Z,337684077,30959.53000000,0.00100000,buy,2022-05-15 21:10:46.130435+00:00
2022-05-15T21:10:46.130435Z,337684076,30959.54000000,0.00135743,buy,2022-05-15 21:10:46.130435+00:00
2022-05-15T21:10:45.980017Z,337684075,30960.01000000,0.00004262,sell,2022-05-15 21:10:45.980017+00:00
2022-05-15T21:10:45.922253Z,337684074,30960.02000000,0.00185850,sell,2022-05-15 21:10:45.922253+00:00
2022-05-15T21:10:45.922253Z,337684073,30960.01000000,0.00100000,sell,2022-05-15 21:10:45.922253+00:00
2022-05-15T21:10:45.65964Z,337684072,30959.12000000,0.00117783,sell,2022-05-15 21:10:45.659640+00:00
2022-05-15T21:10:45.298531Z,337684071,30959.16000000,0.00073749,sell,2022-05-15 21:10:45.298531+00:00
2022-05-15T21:10:45.09603Z,337684070,30956.84000000,0.00094541,sell,2022-05-15 21:10:45.096030+00:00
2022-05-15T21:10:44.923169Z,337684069,30955.31000000,0.01684615,buy,2022-05-15 21:10:44.923169+00:00
2022-05-15T21:10:44.682116Z,337684068,30955.17000000,0.00021000,sell,2022-05-15 21:10:44.682116+00:00
2022-05-15T21:10:44.658392Z,337684067,30955.17000000,0.00196390,sell,2022-05-15 21:10:44.658392+00:00
2022-05-15T21:10:44.55674Z,337684066,30955.18000000,0.00048456,sell,2022-05-15 21:10:44.556740+00:00
2022-05-15T21:10:44.123242Z,337684065,30950.72000000,0.40765547,buy,2022-05-15 21:10:44.123242+00:00
2022-05-15T21:10:44.123242Z,337684064,30950.86000000,0.02736550,buy,2022-05-15 21:10:44.123242+00:00
2022-05-15T21:10:44.123242Z,337684063,30952.16000000,0.22800000,buy,2022-05-15 21:10:44.123242+00:00
2022-05-15T21:10:44.123242Z,337684062,30952.17000000,0.01528781,buy,2022-05-15 21:10:44.123242+00:00
2022-05-15T21:10:44.123242Z,337684061,30955.05000000,0.08000000,buy,2022-05-15 21:10:44.123242+00:00
2022-05-15T21:10:44.123242Z,337684060,30955.06000000,0.00100000,buy,2022-05-15 21:10:44.123242+00:00
2022-05-15T21:10:44.123242Z,337684059,30955.07000000,0.00752908,buy,2022-05-15 21:10:44.123242+00:00
2022-05-15T21:10:44.123242Z,337684058,30955.14000000,0.22800000,buy,2022-05-15 21:10:44.123242+00:00
2022-05-15T21:10:44.123242Z,337684057,30955.15000000,0.00100000,buy,2022-05-15 21:10:44.123242+00:00
2022-05-15T21:10:44.123242Z,337684056,30955.15000000,0.00208107,buy,2022-05-15 21:10:44.123242+00:00
2022-05-15T21:10:44.123242Z,337684055,30955.16000000,0.00208107,buy,2022-05-15 21:10:44.123242+00:00
2022-05-15T21:10:43.840447Z,337684054,30956.02000000,0.00022746,buy,2022-05-15 21:10:43.840447+00:00
2022-05-15T21:10:43.675518Z,337684053,30958.59000000,0.01583058,sell,2022-05-15 21:10:43.675518+00:00
2022-05-15T21:10:43.624939Z,337684052,30959.13000000,0.00154275,sell,2022-05-15 21:10:43.624939+00:00
2022-05-15T21:10:43.582211Z,337684051,30959.44000000,0.00100000,buy,2022-05-15 21:10:43.582211+00:00
2022-05-15T21:10:43.558004Z,337684050,30959.44000000,0.01000000,buy,2022-05-15 21:10:43.558004+00:00
2022-05-15T21:10:43.526351Z,337684049,30959.46000000,0.00293929,buy,2022-05-15 21:10:43.526351+00:00
2022-05-15T21:10:43.526351Z,337684048,30959.47000000,0.00293929,buy,2022-05-15 21:10:43.526351+00:00
2022-05-15T21:10:43.526351Z,337684047,30959.48000000,0.00293929,buy,2022-05-15 21:10:43.526351+00:00
2022-05-15T21:10:43.526351Z,337684046,30959.49000000,0.00293929,buy,2022-05-15 21:10:43.526351+00:00
2022-05-15T21:10:43.526351Z,337684045,30959.54000000,0.00000619,buy,2022-05-15 21:10:43.526351+00:00
2022-05-15T21:10:43.526351Z,337684044,30959.55000000,0.00000296,buy,2022-05-15 21:10:43.526351+00:00
2022-05-15T21:10:43.526351Z,337684043,30959.56000000,0.00102819,buy,2022-05-15 21:10:43.526351+00:00
2022-05-15T21:10:43.487568Z,337684042,30959.55000000,0.00297000,buy,2022-05-15 21:10:43.487568+00:00
2022-05-15T21:10:43.471695Z,337684041,30959.54000000,0.00146000,buy,2022-05-15 21:10:43.471695+00:00
2022-05-15T21:10:43.011916Z,337684040,30959.35000000,0.00167883,buy,2022-05-15 21:10:43.011916+00:00
2022-05-15T21:10:42.971257Z,337684039,30960.02000000,0.00509420,sell,2022-05-15 21:10:42.971257+00:00
2022-05-15T21:10:42.891699Z,337684038,30960.02000000,0.00633088,sell,2022-05-15 21:10:42.891699+00:00
2022-05-15T21:10:42.772246Z,337684037,30960.02000000,0.00147163,sell,2022-05-15 21:10:42.772246+00:00
2022-05-15T21:10:42.691669Z,337684036,30960.02000000,0.00003266,sell,2022-05-15 21:10:42.691669+00:00
2022-05-15T21:10:42.649638Z,337684035,30960.02000000,0.00215322,sell,2022-05-15 21:10:42.649638+00:00
2022-05-15T21:10:42.308732Z,337684034,30958.87000000,0.02068653,sell,2022-05-15 21:10:42.308732+00:00
2022-05-15T21:10:42.308732Z,337684033,30958.86000000,0.00132419,sell,2022-05-15 21:10:42.308732+00:00
2022-05-15T21:10:42.308732Z,337684032,30958.85000000,0.00166509,sell,2022-05-15 21:10:42.308732+00:00
2022-05-15T21:10:42.308732Z,337684031,30958.84000000,0.00132419,sell,2022-05-15 21:10:42.308732+00:00
2022-05-15T21:10:42.23322Z,337684030,30958.86000000,0.00531832,sell,2022-05-15 21:10:42.233220+00:00
2022-05-15T21:10:42.23322Z,337684029,30957.33000000,0.00113631,sell,2022-05-15 21:10:42.233220+00:00
2022-05-15T21:10:42.228928Z,337684028,30957.33000000,0.00075539,sell,2022-05-15 21:10:42.228928+00:00
2022-05-15T21:10:42.186776Z,337684027,30955.40000000,0.04600000,buy,2022-05-15 21:10:42.186776+00:00
2022-05-15T21:10:42.186776Z,337684026,30955.40000000,0.02051346,buy,2022-05-15 21:10:42.186776+00:00
2022-05-15T21:10:42.186776Z,337684025,30955.41000000,0.02623407,buy,2022-05-15 21:10:42.186776+00:00
2022-05-15T21:10:42.186776Z,337684024,30955.61000000,0.02917507,buy,2022-05-15 21:10:42.186776+00:00
2022-05-15T21:10:42.013408Z,337684023,30954.90000000,0.00016800,buy,2022-05-15 21:10:42.013408+00:00
2022-05-15T21:10:41.844862Z,337684022,30958.80000000,0.00004973,sell,2022-05-15 21:10:41.844862+00:00
2022-05-15T21:10:41.844862Z,337684021,30954.85000000,0.00001600,sell,2022-05-15 21:10:41.844862+00:00
2022-05-15T21:10:41.43995Z,337684020,30957.98000000,0.00765207,buy,2022-05-15 21:10:41.439950+00:00
2022-05-15T21:10:41.390354Z,337684019,30959.40000000,0.00064207,sell,2022-05-15 21:10:41.390354+00:00
2022-05-15T21:10:41.37839Z,337684018,30957.98000000,0.15437897,buy,2022-05-15 21:10:41.378390+00:00
2022-05-15T21:10:41.207754Z,337684017,30961.46000000,0.00000001,buy,2022-05-15 21:10:41.207754+00:00
2022-05-15T21:10:41.207654Z,337684016,30961.46000000,0.03899999,buy,2022-05-15 21:10:41.207654+00:00
2022-05-15T21:10:41.15705Z,337684015,30957.98000000,0.00323693,buy,2022-05-15 21:10:41.157050+00:00
2022-05-15T21:10:41.154701Z,337684014,30961.22000000,0.01000000,buy,2022-05-15 21:10:41.154701+00:00
2022-05-15T21:10:41.117655Z,337684013,30961.56000000,0.00107000,buy,2022-05-15 21:10:41.117655+00:00
2022-05-15T21:10:41.109348Z,337684012,30961.59000000,0.00244862,buy,2022-05-15 21:10:41.109348+00:00
2022-05-15T21:10:41.106059Z,337684011,30961.59000000,0.00107000,buy,2022-05-15 21:10:41.106059+00:00
2022-05-15T21:10:41.099221Z,337684010,30961.60000000,0.00107323,buy,2022-05-15 21:10:41.099221+00:00
2022-05-15T21:10:41.082449Z,337684009,30961.57000000,0.02641006,buy,2022-05-15 21:10:41.082449+00:00
2022-05-15T21:10:41.082392Z,337684008,30961.57000000,0.01539623,buy,2022-05-15 21:10:41.082392+00:00
2022-05-15T21:10:41.082339Z,337684007,30961.57000000,0.00419371,buy,2022-05-15 21:10:41.082339+00:00
2022-05-15T21:10:41.082339Z,337684006,30961.57000000,0.01217655,buy,2022-05-15 21:10:41.082339+00:00
2022-05-15T21:10:41.082339Z,337684005,30961.58000000,0.00107323,buy,2022-05-15 21:10:41.082339+00:00
2022-05-15T21:10:41.082339Z,337684004,30961.59000000,0.00795274,buy,2022-05-15 21:10:41.082339+00:00
2022-05-15T21:10:40.927195Z,337684003,30963.12000000,0.00021861,sell,2022-05-15 21:10:40.927195+00:00
2022-05-15T21:10:40.927195Z,337684002,30962.89000000,0.00132395,sell,2022-05-15 21:10:40.927195+00:00
2022-05-15T21:10:40.771661Z,337684001,30962.92000000,0.00136491,sell,2022-05-15 21:10:40.771661+00:00
2022-05-15T21:10:40.771661Z,337684000,30962.91000000,0.02675406,sell,2022-05-15 21:10:40.771661+00:00
2022-05-15T21:10:40.771661Z,337683999,30962.91000000,0.01067860,sell,2022-05-15 21:10:40.771661+00:00
2022-05-15T21:10:40.404223Z,337683998,30961.19000000,0.00292101,buy,2022-05-15 21:10:40.404223+00:00
2022-05-15T21:10:40.404223Z,337683997,30961.19000000,0.00169010,buy,2022-05-15 21:10:40.404223+00:00
2022-05-15T21:10:40.404223Z,337683996,30961.20000000,0.01521774,buy,2022-05-15 21:10:40.404223+00:00
2022-05-15T21:10:40.404223Z,337683995,30961.21000000,0.00257717,buy,2022-05-15 21:10:40.404223+00:00
2022-05-15T21:10:40.404223Z,337683994,30961.21000000,0.00169010,buy,2022-05-15 21:10:40.404223+00:00
2022-05-15T21:10:40.3012Z,337683993,30962.84000000,0.00028965,sell,2022-05-15 21:10:40.301200+00:00
2022-05-15T21:10:40.293313Z,337683992,30962.84000000,0.01614804,sell,2022-05-15 21:10:40.293313+00:00
2022-05-15T21:10:39.876637Z,337683991,30963.11000000,0.00321237,sell,2022-05-15 21:10:39.876637+00:00
2022-05-15T21:10:39.661705Z,337683990,30960.95000000,0.00016887,buy,2022-05-15 21:10:39.661705+00:00
2022-05-15T21:10:39.320328Z,337683989,30963.31000000,0.00261162,sell,2022-05-15 21:10:39.320328+00:00
2022-05-15T21:10:39.320328Z,337683988,30963.20000000,0.00107351,sell,2022-05-15 21:10:39.320328+00:00
2022-05-15T21:10:39.320328Z,337683987,30963.12000000,0.00057994,sell,2022-05-15 21:10:39.320328+00:00
2022-05-15T21:10:39.320328Z,337683986,30963.12000000,0.00411460,sell,2022-05-15 21:10:39.320328+00:00
2022-05-15T21:10:39.320328Z,337683985,30963.12000000,0.00768517,sell,2022-05-15 21:10:39.320328+00:00
2022-05-15T21:10:39.014811Z,337683984,30963.12000000,0.00059482,sell,2022-05-15 21:10:39.014811+00:00
2022-05-15T21:10:38.924748Z,337683983,30963.12000000,0.00370780,sell,2022-05-15 21:10:38.924748+00:00
2022-05-15T21:10:38.890755Z,337683982,30960.19000000,0.00081560,buy,2022-05-15 21:10:38.890755+00:00
2022-05-15T21:10:38.722079Z,337683981,30962.36000000,0.00311748,sell,2022-05-15 21:10:38.722079+00:00
2022-05-15T21:10:38.6092Z,337683980,30960.03000000,0.00032342,buy,2022-05-15 21:10:38.609200+00:00
2022-05-15T21:10:38.6092Z,337683979,30960.04000000,0.00436750,buy,2022-05-15 21:10:38.609200+00:00
2022-05-15T21:10:38.6092Z,337683978,30960.14000000,0.00248680,buy,2022-05-15 21:10:38.609200+00:00
2022-05-15T21:10:38.601694Z,337683977,30962.43000000,0.00030130,sell,2022-05-15 21:10:38.601694+00:00
2022-05-15T21:10:38.451957Z,337683976,30962.44000000,0.00006320,sell,2022-05-15 21:10:38.451957+00:00
2022-05-15T21:10:38.241217Z,337683975,30962.44000000,0.00185909,sell,2022-05-15 21:10:38.241217+00:00
2022-05-15T21:10:38.241217Z,337683974,30962.29000000,0.00274562,sell,2022-05-15 21:10:38.241217+00:00
2022-05-15T21:10:38.241217Z,337683973,30962.23000000,0.00343475,sell,2022-05-15 21:10:38.241217+00:00
2022-05-15T21:10:37.957024Z,337683972,30962.01000000,0.00007281,sell,2022-05-15 21:10:37.957024+00:00
2022-05-15T21:10:37.957024Z,337683971,30961.93000000,0.00182127,sell,2022-05-15 21:10:37.957024+00:00
2022-05-15T21:10:37.957024Z,337683970,30961.92000000,0.00298832,sell,2022-05-15 21:10:37.957024+00:00
2022-05-15T21:10:37.79212Z,337683969,30961.92000000,0.00075537,sell,2022-05-15 21:10:37.792120+00:00
2022-05-15T21:10:37.731933Z,337683968,30962.14000000,0.00311694,sell,2022-05-15 21:10:37.731933+00:00
2022-05-15T21:10:37.529431Z,337683967,30962.14000000,0.00154252,sell,2022-05-15 21:10:37.529431+00:00
2022-05-15T21:10:36.957735Z,337683966,30959.39000000,0.00072201,buy,2022-05-15 21:10:36.957735+00:00
2022-05-15T21:10:36.853252Z,337683965,30959.15000000,0.00003764,buy,2022-05-15 21:10:36.853252+00:00
2022-05-15T21:10:36.758488Z,337683964,30962.27000000,0.01398512,sell,2022-05-15 21:10:36.758488+00:00
2022-05-15T21:10:36.758488Z,337683963,30962.13000000,0.00665119,sell,2022-05-15 21:10:36.758488+00:00
2022-05-15T21:10:36.758488Z,337683962,30961.78000000,0.00170699,sell,2022-05-15 21:10:36.758488+00:00
2022-05-15T21:10:36.758488Z,337683961,30961.64000000,0.00089375,sell,2022-05-15 21:10:36.758488+00:00
2022-05-15T21:10:36.758488Z,337683960,30961.50000000,0.00100000,sell,2022-05-15 21:10:36.758488+00:00
2022-05-15T21:10:36.758488Z,337683959,30961.49000000,0.00100000,sell,2022-05-15 21:10:36.758488+00:00
2022-05-15T21:10:36.758488Z,337683958,30961.48000000,0.00100000,sell,2022-05-15 21:10:36.758488+00:00
2022-05-15T21:10:36.758488Z,337683957,30961.47000000,0.00027415,sell,2022-05-15 21:10:36.758488+00:00
2022-05-15T21:10:36.758488Z,337683956,30961.47000000,0.00100000,sell,2022-05-15 21:10:36.758488+00:00
2022-05-15T21:10:36.758488Z,337683955,30961.40000000,0.00118660,sell,2022-05-15 21:10:36.758488+00:00
2022-05-15T21:10:36.219448Z,337683954,30961.51000000,0.00154256,sell,2022-05-15 21:10:36.219448+00:00
2022-05-15T21:10:35.767261Z,337683953,30958.10000000,0.05000000,buy,2022-05-15 21:10:35.767261+00:00
2022-05-15T21:10:35.759878Z,337683952,30959.44000000,0.02599999,buy,2022-05-15 21:10:35.759878+00:00
2022-05-15T21:10:35.759878Z,337683951,30959.45000000,0.02000000,buy,2022-05-15 21:10:35.759878+00:00
2022-05-15T21:10:35.172418Z,337683950,30963.81000000,0.00040728,sell,2022-05-15 21:10:35.172418+00:00
2022-05-15T21:10:35.172418Z,337683949,30963.72000000,0.00781677,sell,2022-05-15 21:10:35.172418+00:00
2022-05-15T21:10:35.172418Z,337683948,30963.66000000,0.00083724,sell,2022-05-15 21:10:35.172418+00:00
2022-05-15T21:10:35.172418Z,337683947,30963.63000000,0.00133622,sell,2022-05-15 21:10:35.172418+00:00
2022-05-15T21:10:35.172418Z,337683946,30963.49000000,0.00538393,sell,2022-05-15 21:10:35.172418+00:00
2022-05-15T21:10:35.172418Z,337683945,30963.43000000,0.01561079,sell,2022-05-15 21:10:35.172418+00:00
2022-05-15T21:10:35.172418Z,337683944,30963.36000000,0.04600000,sell,2022-05-15 21:10:35.172418+00:00
2022-05-15T21:10:35.172418Z,337683943,30963.36000000,0.00206637,sell,2022-05-15 21:10:35.172418+00:00
2022-05-15T21:10:34.885255Z,337683942,30961.50000000,0.00119351,buy,2022-05-15 21:10:34.885255+00:00
2022-05-15T21:10:34.650698Z,337683941,30964.76000000,0.00006588,sell,2022-05-15 21:10:34.650698+00:00
2022-05-15T21:10:34.477296Z,337683940,30965.95000000,0.03900000,buy,2022-05-15 21:10:34.477296+00:00
2022-05-15T21:10:34.456326Z,337683939,30966.43000000,0.02283936,sell,2022-05-15 21:10:34.456326+00:00
2022-05-15T21:10:34.212492Z,337683938,30966.44000000,0.00154252,sell,2022-05-15 21:10:34.212492+00:00
2022-05-15T21:10:34.081328Z,337683937,30966.44000000,0.00790962,sell,2022-05-15 21:10:34.081328+00:00
2022-05-15T21:10:33.999958Z,337683936,30965.78000000,0.00119411,sell,2022-05-15 21:10:33.999958+00:00
2022-05-15T21:10:33.789521Z,337683935,30965.77000000,0.00414649,sell,2022-05-15 21:10:33.789521+00:00
2022-05-15T21:10:33.789521Z,337683934,30965.75000000,0.00100000,sell,2022-05-15 21:10:33.789521+00:00
2022-05-15T21:10:33.789521Z,337683933,30963.91000000,0.00100000,sell,2022-05-15 21:10:33.789521+00:00
2022-05-15T21:10:33.711568Z,337683932,30963.69000000,0.00478486,buy,2022-05-15 21:10:33.711568+00:00
2022-05-15T21:10:32.942647Z,337683931,30966.45000000,0.00791444,sell,2022-05-15 21:10:32.942647+00:00
2022-05-15T21:10:32.722729Z,337683930,30966.43000000,0.00690840,sell,2022-05-15 21:10:32.722729+00:00
2022-05-15T21:10:32.722729Z,337683929,30966.43000000,0.00100000,sell,2022-05-15 21:10:32.722729+00:00
2022-05-15T21:10:32.531624Z,337683928,30966.45000000,0.00324570,sell,2022-05-15 21:10:32.531624+00:00
2022-05-15T21:10:31.939878Z,337683927,30961.82000000,0.00100000,sell,2022-05-15 21:10:31.939878+00:00
2022-05-15T21:10:31.784657Z,337683926,30963.85000000,0.00363269,sell,2022-05-15 21:10:31.784657+00:00
2022-05-15T21:10:31.784657Z,337683925,30963.84000000,0.00100000,sell,2022-05-15 21:10:31.784657+00:00
2022-05-15T21:10:31.745191Z,337683924,30963.85000000,0.08970000,sell,2022-05-15 21:10:31.745191+00:00
2022-05-15T21:10:31.745191Z,337683923,30963.84000000,0.00100000,sell,2022-05-15 21:10:31.745191+00:00
2022-05-15T21:10:31.745191Z,337683922,30963.81000000,0.00100000,sell,2022-05-15 21:10:31.745191+00:00
2022-05-15T21:10:31.745191Z,337683921,30963.80000000,0.00100000,sell,2022-05-15 21:10:31.745191+00:00
2022-05-15T21:10:31.718288Z,337683920,30963.85000000,0.04300000,sell,2022-05-15 21:10:31.718288+00:00
2022-05-15T21:10:31.718288Z,337683919,30963.82000000,0.00100000,sell,2022-05-15 21:10:31.718288+00:00
2022-05-15T21:10:31.718288Z,337683918,30963.82000000,0.00100000,sell,2022-05-15 21:10:31.718288+00:00
2022-05-15T21:10:31.706025Z,337683917,30963.85000000,0.11129998,sell,2022-05-15 21:10:31.706025+00:00
2022-05-15T21:10:31.706025Z,337683916,30963.83000000,0.00100000,sell,2022-05-15 21:10:31.706025+00:00
2022-05-15T21:10:31.584179Z,337683915,30958.81000000,0.00190484,sell,2022-05-15 21:10:31.584179+00:00
2022-05-15T21:10:31.56436Z,337683914,30958.81000000,0.00089976,sell,2022-05-15 21:10:31.564360+00:00
2022-05-15T21:10:31.560034Z,337683913,30958.79000000,0.00267983,sell,2022-05-15 21:10:31.560034+00:00
2022-05-15T21:10:31.547714Z,337683912,30958.79000000,0.00012477,sell,2022-05-15 21:10:31.547714+00:00
2022-05-15T21:10:31.547714Z,337683911,30958.78000000,0.00000405,sell,2022-05-15 21:10:31.547714+00:00
2022-05-15T21:10:31.518065Z,337683910,30958.78000000,0.00117742,sell,2022-05-15 21:10:31.518065+00:00
2022-05-15T21:10:31.518065Z,337683909,30958.78000000,0.00113798,sell,2022-05-15 21:10:31.518065+00:00
2022-05-15T21:10:31.518065Z,337683908,30958.78000000,0.00280460,sell,2022-05-15 21:10:31.518065+00:00
2022-05-15T21:10:31.270146Z,337683907,30958.39000000,0.00100000,buy,2022-05-15 21:10:31.270146+00:00
2022-05-15T21:10:31.270146Z,337683906,30958.65000000,0.01000000,buy,2022-05-15 21:10:31.270146+00:00
2022-05-15T21:10:31.169144Z,337683905,30953.66000000,0.00521104,buy,2022-05-15 21:10:31.169144+00:00
2022-05-15T21:10:31.169144Z,337683904,30958.40000000,0.00100000,buy,2022-05-15 21:10:31.169144+00:00
2022-05-15T21:10:31.169144Z,337683903,30958.40000000,0.00116931,buy,2022-05-15 21:10:31.169144+00:00
2022-05-15T21:10:31.169086Z,337683902,30961.64000000,0.00028930,sell,2022-05-15 21:10:31.169086+00:00
2022-05-15T21:10:31.101574Z,337683901,30957.75000000,0.15611623,buy,2022-05-15 21:10:31.101574+00:00
2022-05-15T21:10:31.101574Z,337683900,30957.75000000,0.00078495,buy,2022-05-15 21:10:31.101574+00:00
2022-05-15T21:10:31.101574Z,337683899,30958.30000000,0.00102307,buy,2022-05-15 21:10:31.101574+00:00
2022-05-15T21:10:31.101574Z,337683898,30958.31000000,0.00102307,buy,2022-05-15 21:10:31.101574+00:00
2022-05-15T21:10:31.101574Z,337683897,30958.38000000,0.00102307,buy,2022-05-15 21:10:31.101574+00:00
2022-05-15T21:10:31.101574Z,337683896,30958.39000000,0.00102307,buy,2022-05-15 21:10:31.101574+00:00
2022-05-15T21:10:31.101574Z,337683895,30958.46000000,0.00167045,buy,2022-05-15 21:10:31.101574+00:00
2022-05-15T21:10:30.888016Z,337683894,30958.29000000,0.00060250,buy,2022-05-15 21:10:30.888016+00:00
2022-05-15T21:10:30.83626Z,337683893,30963.20000000,0.00012842,sell,2022-05-15 21:10:30.836260+00:00
2022-05-15T21:10:30.83626Z,337683892,30963.20000000,0.00162569,sell,2022-05-15 21:10:30.836260+00:00
2022-05-15T21:10:30.798665Z,337683891,30963.82000000,0.01127652,sell,2022-05-15 21:10:30.798665+00:00
2022-05-15T21:10:30.798665Z,337683890,30963.81000000,0.00868305,sell,2022-05-15 21:10:30.798665+00:00
2022-05-15T21:10:30.798665Z,337683889,30963.76000000,0.03686709,sell,2022-05-15 21:10:30.798665+00:00
2022-05-15T21:10:30.798665Z,337683888,30963.75000000,0.00100000,sell,2022-05-15 21:10:30.798665+00:00
2022-05-15T21:10:30.798665Z,337683887,30963.69000000,0.00482030,sell,2022-05-15 21:10:30.798665+00:00
2022-05-15T21:10:30.798665Z,337683886,30963.68000000,0.01913767,sell,2022-05-15 21:10:30.798665+00:00
2022-05-15T21:10:30.798665Z,337683885,30963.49000000,0.00460708,sell,2022-05-15 21:10:30.798665+00:00
2022-05-15T21:10:30.798665Z,337683884,30963.48000000,0.04600000,sell,2022-05-15 21:10:30.798665+00:00
2022-05-15T21:10:30.798665Z,337683883,30963.48000000,0.02583593,sell,2022-05-15 21:10:30.798665+00:00
2022-05-15T21:10:30.692813Z,337683882,30964.35000000,0.01941590,sell,2022-05-15 21:10:30.692813+00:00
2022-05-15T21:10:30.649393Z,337683881,30964.52000000,0.02000000,buy,2022-05-15 21:10:30.649393+00:00
2022-05-15T21:10:30.522697Z,337683880,30963.30000000,0.00210620,buy,2022-05-15 21:10:30.522697+00:00
2022-05-15T21:10:30.522435Z,337683879,30963.30000000,0.00045148,buy,2022-05-15 21:10:30.522435+00:00
2022-05-15T21:10:30.464439Z,337683878,30963.51000000,0.00255768,buy,2022-05-15 21:10:30.464439+00:00
2022-05-15T21:10:30.464439Z,337683877,30964.28000000,0.02000000,buy,2022-05-15 21:10:30.464439+00:00
2022-05-15T21:10:30.464439Z,337683876,30964.28000000,0.02138082,buy,2022-05-15 21:10:30.464439+00:00
2022-05-15T21:10:30.464439Z,337683875,30964.52000000,0.04600000,buy,2022-05-15 21:10:30.464439+00:00
2022-05-15T21:10:30.327091Z,337683874,30964.28000000,0.00214627,buy,2022-05-15 21:10:30.327091+00:00
2022-05-15T21:10:30.327091Z,337683873,30964.29000000,0.00100000,buy,2022-05-15 21:10:30.327091+00:00
2022-05-15T21:10:30.327091Z,337683872,30964.29000000,0.00190274,buy,2022-05-15 21:10:30.327091+00:00
2022-05-15T21:10:30.163538Z,337683871,30964.25000000,0.00179800,buy,2022-05-15 21:10:30.163538+00:00
2022-05-15T21:10:30.163538Z,337683870,30964.28000000,0.00018868,buy,2022-05-15 21:10:30.163538+00:00
2022-05-15T21:10:30.163538Z,337683869,30964.64000000,0.00168575,buy,2022-05-15 21:10:30.163538+00:00
2022-05-15T21:10:30.163538Z,337683868,30964.74000000,0.03089783,buy,2022-05-15 21:10:30.163538+00:00
2022-05-15T21:10:30.163538Z,337683867,30964.75000000,0.00000395,buy,2022-05-15 21:10:30.163538+00:00
2022-05-15T21:10:30.162431Z,337683866,30964.75000000,0.00168180,buy,2022-05-15 21:10:30.162431+00:00
2022-05-15T21:10:30.162431Z,337683865,30964.75000000,0.00271820,buy,2022-05-15 21:10:30.162431+00:00
2022-05-15T21:10:30.12136Z,337683864,30964.74000000,0.01510217,buy,2022-05-15 21:10:30.121360+00:00
2022-05-15T21:10:29.996199Z,337683863,30964.32000000,0.11113846,sell,2022-05-15 21:10:29.996199+00:00
2022-05-15T21:10:29.996199Z,337683862,30964.02000000,0.00000572,sell,2022-05-15 21:10:29.996199+00:00
2022-05-15T21:10:29.996199Z,337683861,30964.01000000,0.00100000,sell,2022-05-15 21:10:29.996199+00:00
2022-05-15T21:10:29.996199Z,337683860,30964.01000000,0.00040521,sell,2022-05-15 21:10:29.996199+00:00
2022-05-15T21:10:29.992352Z,337683859,30964.01000000,0.00059479,sell,2022-05-15 21:10:29.992352+00:00
2022-05-15T21:10:29.992022Z,337683858,30964.02000000,0.09037000,sell,2022-05-15 21:10:29.992022+00:00
2022-05-15T21:10:29.976798Z,337683857,30964.01000000,0.00100000,sell,2022-05-15 21:10:29.976798+00:00
2022-05-15T21:10:29.976798Z,337683856,30964.01000000,0.00100000,sell,2022-05-15 21:10:29.976798+00:00
2022-05-15T21:10:29.940491Z,337683855,30963.42000000,0.00180980,sell,2022-05-15 21:10:29.940491+00:00
2022-05-15T21:10:29.940491Z,337683854,30963.41000000,0.00130605,sell,2022-05-15 21:10:29.940491+00:00
2022-05-15T21:10:29.89386Z,337683853,30963.41000000,0.00002223,sell,2022-05-15 21:10:29.893860+00:00
2022-05-15T21:10:29.217456Z,337683852,30963.86000000,0.00004372,sell,2022-05-15 21:10:29.217456+00:00
2022-05-15T21:10:29.188822Z,337683851,30961.15000000,0.00095886,buy,2022-05-15 21:10:29.188822+00:00
2022-05-15T21:10:28.875057Z,337683850,30964.12000000,0.00055647,sell,2022-05-15 21:10:28.875057+00:00
2022-05-15T21:10:28.875057Z,337683849,30964.11000000,0.00188452,sell,2022-05-15 21:10:28.875057+00:00
2022-05-15T21:10:28.343038Z,337683848,30961.99000000,0.00308901,sell,2022-05-15 21:10:28.343038+00:00
2022-05-15T21:10:28.147599Z,337683847,30965.21000000,0.00431000,buy,2022-05-15 21:10:28.147599+00:00
2022-05-15T21:10:28.000376Z,337683846,30964.13000000,0.00115469,buy,2022-05-15 21:10:28.000376+00:00
2022-05-15T21:10:28.000376Z,337683845,30964.89000000,0.00115469,buy,2022-05-15 21:10:28.000376+00:00
2022-05-15T21:10:28.000376Z,337683844,30965.21000000,0.00115469,buy,2022-05-15 21:10:28.000376+00:00
2022-05-15T21:10:27.941163Z,337683843,30964.12000000,0.00515586,buy,2022-05-15 21:10:27.941163+00:00
2022-05-15T21:10:27.941163Z,337683842,30964.88000000,0.00322363,buy,2022-05-15 21:10:27.941163+00:00
2022-05-15T21:10:27.941163Z,337683841,30965.21000000,0.05321320,buy,2022-05-15 21:10:27.941163+00:00
2022-05-15T21:10:27.941065Z,337683840,30964.88000000,0.00283344,buy,2022-05-15 21:10:27.941065+00:00
2022-05-15T21:10:27.941065Z,337683839,30965.14000000,0.03000000,buy,2022-05-15 21:10:27.941065+00:00
2022-05-15T21:10:27.941065Z,337683838,30965.20000000,0.01794317,buy,2022-05-15 21:10:27.941065+00:00
2022-05-15T21:10:27.941065Z,337683837,30965.21000000,0.00164955,buy,2022-05-15 21:10:27.941065+00:00
2022-05-15T21:10:27.941065Z,337683836,30965.21000000,0.00916653,buy,2022-05-15 21:10:27.941065+00:00
2022-05-15T21:10:27.876757Z,337683835,30968.09000000,0.01303486,sell,2022-05-15 21:10:27.876757+00:00
2022-05-15T21:10:27.876757Z,337683834,30967.91000000,0.00100000,sell,2022-05-15 21:10:27.876757+00:00
2022-05-15T21:10:27.876757Z,337683833,30967.90000000,0.00100000,sell,2022-05-15 21:10:27.876757+00:00
2022-05-15T21:10:27.876757Z,337683832,30967.89000000,0.00100000,sell,2022-05-15 21:10:27.876757+00:00
2022-05-15T21:10:27.382075Z,337683831,30968.09000000,0.01381935,sell,2022-05-15 21:10:27.382075+00:00
2022-05-15T21:10:27.382075Z,337683830,30967.88000000,0.00100000,sell,2022-05-15 21:10:27.382075+00:00
2022-05-15T21:10:27.382075Z,337683829,30967.88000000,0.00100000,sell,2022-05-15 21:10:27.382075+00:00
2022-05-15T21:10:26.877544Z,337683828,30967.93000000,0.00021200,sell,2022-05-15 21:10:26.877544+00:00
2022-05-15T21:10:26.776533Z,337683827,30967.98000000,0.00009560,sell,2022-05-15 21:10:26.776533+00:00
2022-05-15T21:10:26.753668Z,337683826,30967.51000000,0.00006200,buy,2022-05-15 21:10:26.753668+00:00
2022-05-15T21:10:26.512685Z,337683825,30965.01000000,0.00062055,buy,2022-05-15 21:10:26.512685+00:00
2022-05-15T21:10:26.512685Z,337683824,30965.01000000,0.00090451,buy,2022-05-15 21:10:26.512685+00:00
2022-05-15T21:10:26.509187Z,337683823,30965.01000000,0.00050400,buy,2022-05-15 21:10:26.509187+00:00
2022-05-15T21:10:26.350666Z,337683822,30968.01000000,0.00642197,sell,2022-05-15 21:10:26.350666+00:00
2022-05-15T21:10:26.060462Z,337683821,30967.47000000,0.00162490,buy,2022-05-15 21:10:26.060462+00:00
2022-05-15T21:10:26.053405Z,337683820,30970.06000000,0.00231219,sell,2022-05-15 21:10:26.053405+00:00
2022-05-15T21:10:25.712388Z,337683819,30967.79000000,0.00006061,buy,2022-05-15 21:10:25.712388+00:00
2022-05-15T21:10:25.678847Z,337683818,30971.04000000,0.00627393,sell,2022-05-15 21:10:25.678847+00:00
2022-05-15T21:10:25.678847Z,337683817,30970.71000000,0.00872049,sell,2022-05-15 21:10:25.678847+00:00
2022-05-15T21:10:25.678847Z,337683816,30969.81000000,0.00716026,sell,2022-05-15 21:10:25.678847+00:00
2022-05-15T21:10:25.678847Z,337683815,30969.80000000,0.00100000,sell,2022-05-15 21:10:25.678847+00:00
2022-05-15T21:10:25.524605Z,337683814,30967.45000000,0.00032300,buy,2022-05-15 21:10:25.524605+00:00
2022-05-15T21:10:25.426335Z,337683813,30967.13000000,0.00028518,buy,2022-05-15 21:10:25.426335+00:00
2022-05-15T21:10:24.882195Z,337683812,30969.01000000,0.00089940,sell,2022-05-15 21:10:24.882195+00:00
2022-05-15T21:10:24.719224Z,337683811,30969.02000000,0.00122048,sell,2022-05-15 21:10:24.719224+00:00
2022-05-15T21:10:24.680987Z,337683810,30963.38000000,0.00428500,buy,2022-05-15 21:10:24.680987+00:00
2022-05-15T21:10:24.680987Z,337683809,30967.31000000,0.00862000,buy,2022-05-15 21:10:24.680987+00:00
2022-05-15T21:10:24.645027Z,337683808,30969.25000000,0.00412267,sell,2022-05-15 21:10:24.645027+00:00
2022-05-15T21:10:24.645027Z,337683807,30969.10000000,0.00232742,sell,2022-05-15 21:10:24.645027+00:00
2022-05-15T21:10:24.645027Z,337683806,30969.03000000,0.00212697,sell,2022-05-15 21:10:24.645027+00:00
2022-05-15T21:10:24.620087Z,337683805,30969.03000000,0.00020045,sell,2022-05-15 21:10:24.620087+00:00
2022-05-15T21:10:24.532232Z,337683804,30969.36000000,0.00119351,sell,2022-05-15 21:10:24.532232+00:00
2022-05-15T21:10:24.151304Z,337683803,30969.75000000,0.00028931,sell,2022-05-15 21:10:24.151304+00:00
2022-05-15T21:10:24.080187Z,337683802,30970.00000000,0.00093576,sell,2022-05-15 21:10:24.080187+00:00
2022-05-15T21:10:23.532982Z,337683801,30962.51000000,0.02592304,buy,2022-05-15 21:10:23.532982+00:00
2022-05-15T21:10:23.532982Z,337683800,30965.66000000,0.02796230,buy,2022-05-15 21:10:23.532982+00:00
2022-05-15T21:10:23.532982Z,337683799,30965.67000000,0.05000000,buy,2022-05-15 21:10:23.532982+00:00
2022-05-15T21:10:23.532982Z,337683798,30965.84000000,0.01671048,buy,2022-05-15 21:10:23.532982+00:00
2022-05-15T21:10:23.532982Z,337683797,30966.02000000,0.03319235,buy,2022-05-15 21:10:23.532982+00:00
2022-05-15T21:10:23.532982Z,337683796,30966.30000000,0.02000000,buy,2022-05-15 21:10:23.532982+00:00
2022-05-15T21:10:23.532982Z,337683795,30966.30000000,0.03628725,buy,2022-05-15 21:10:23.532982+00:00
2022-05-15T21:10:23.532982Z,337683794,30966.38000000,0.01768739,buy,2022-05-15 21:10:23.532982+00:00
2022-05-15T21:10:23.532982Z,337683793,30966.38000000,0.02225957,buy,2022-05-15 21:10:23.532982+00:00
2022-05-15T21:10:23.532982Z,337683792,30966.38000000,0.02146983,buy,2022-05-15 21:10:23.532982+00:00
2022-05-15T21:10:23.532982Z,337683791,30966.52000000,0.02847193,buy,2022-05-15 21:10:23.532982+00:00
2022-05-15T21:10:23.532982Z,337683790,30966.61000000,0.01653570,buy,2022-05-15 21:10:23.532982+00:00
2022-05-15T21:10:23.532982Z,337683789,30966.64000000,0.03039441,buy,2022-05-15 21:10:23.532982+00:00
2022-05-15T21:10:23.532982Z,337683788,30966.64000000,0.02546963,buy,2022-05-15 21:10:23.532982+00:00
2022-05-15T21:10:23.532982Z,337683787,30966.67000000,0.01734953,buy,2022-05-15 21:10:23.532982+00:00
2022-05-15T21:10:23.532982Z,337683786,30966.69000000,0.00100000,buy,2022-05-15 21:10:23.532982+00:00
2022-05-15T21:10:23.532982Z,337683785,30966.75000000,0.02355053,buy,2022-05-15 21:10:23.532982+00:00
2022-05-15T21:10:23.532982Z,337683784,30966.92000000,0.02802614,buy,2022-05-15 21:10:23.532982+00:00
2022-05-15T21:10:23.532982Z,337683783,30966.93000000,0.05000000,buy,2022-05-15 21:10:23.532982+00:00
2022-05-15T21:10:23.532982Z,337683782,30966.96000000,0.02217602,buy,2022-05-15 21:10:23.532982+00:00
2022-05-15T21:10:23.532982Z,337683781,30966.99000000,0.02743849,buy,2022-05-15 21:10:23.532982+00:00
2022-05-15T21:10:23.532982Z,337683780,30967.00000000,0.00100000,buy,2022-05-15 21:10:23.532982+00:00
2022-05-15T21:10:23.532982Z,337683779,30967.31000000,0.02911404,buy,2022-05-15 21:10:23.532982+00:00
2022-05-15T21:10:23.532982Z,337683778,30967.35000000,0.02013897,buy,2022-05-15 21:10:23.532982+00:00
2022-05-15T21:10:23.532982Z,337683777,30967.35000000,0.03146269,buy,2022-05-15 21:10:23.532982+00:00
2022-05-15T21:10:23.532982Z,337683776,30967.36000000,0.00100000,buy,2022-05-15 21:10:23.532982+00:00
2022-05-15T21:10:23.482398Z,337683775,30967.35000000,0.00015240,buy,2022-05-15 21:10:23.482398+00:00
2022-05-15T21:10:23.118603Z,337683774,30965.88000000,0.00525726,buy,2022-05-15 21:10:23.118603+00:00
2022-05-15T21:10:23.118603Z,337683773,30965.95000000,0.02762904,buy,2022-05-15 21:10:23.118603+00:00
2022-05-15T21:10:22.890153Z,337683772,30973.46000000,0.12000000,buy,2022-05-15 21:10:22.890153+00:00
2022-05-15T21:10:22.845569Z,337683771,30973.97000000,0.00006337,sell,2022-05-15 21:10:22.845569+00:00
2022-05-15T21:10:22.777792Z,337683770,30966.62000000,0.01434823,buy,2022-05-15 21:10:22.777792+00:00
2022-05-15T21:10:22.777792Z,337683769,30969.33000000,0.00178969,buy,2022-05-15 21:10:22.777792+00:00
2022-05-15T21:10:22.754238Z,337683768,30973.47000000,0.00039669,buy,2022-05-15 21:10:22.754238+00:00
2022-05-15T21:10:22.733585Z,337683767,30973.47000000,0.00216000,buy,2022-05-15 21:10:22.733585+00:00
2022-05-15T21:10:22.701556Z,337683766,30973.42000000,0.00216000,buy,2022-05-15 21:10:22.701556+00:00
2022-05-15T21:10:22.701556Z,337683765,30973.46000000,0.02338255,buy,2022-05-15 21:10:22.701556+00:00
2022-05-15T21:10:22.701556Z,337683764,30973.46000000,0.00255669,buy,2022-05-15 21:10:22.701556+00:00
2022-05-15T21:10:22.591311Z,337683763,30974.80000000,0.00012876,sell,2022-05-15 21:10:22.591311+00:00
2022-05-15T21:10:22.210226Z,337683762,30974.80000000,0.01611123,sell,2022-05-15 21:10:22.210226+00:00
2022-05-15T21:10:22.169093Z,337683761,30974.80000000,0.00632601,sell,2022-05-15 21:10:22.169093+00:00
2022-05-15T21:10:21.809832Z,337683760,30974.84000000,0.01305107,buy,2022-05-15 21:10:21.809832+00:00
2022-05-15T21:10:21.809832Z,337683759,30974.84000000,0.00176717,buy,2022-05-15 21:10:21.809832+00:00
2022-05-15T21:10:21.788943Z,337683758,30974.80000000,0.00940164,sell,2022-05-15 21:10:21.788943+00:00
2022-05-15T21:10:21.788943Z,337683757,30974.80000000,0.42299232,sell,2022-05-15 21:10:21.788943+00:00
2022-05-15T21:10:21.783074Z,337683756,30974.80000000,0.15684878,sell,2022-05-15 21:10:21.783074+00:00
2022-05-15T21:10:21.769107Z,337683755,30974.80000000,0.30000000,sell,2022-05-15 21:10:21.769107+00:00
2022-05-15T21:10:21.762813Z,337683754,30974.80000000,0.15000000,sell,2022-05-15 21:10:21.762813+00:00
2022-05-15T21:10:21.762792Z,337683753,30974.80000000,0.17572457,sell,2022-05-15 21:10:21.762792+00:00
2022-05-15T21:10:21.758982Z,337683752,30974.80000000,0.30000000,sell,2022-05-15 21:10:21.758982+00:00
2022-05-15T21:10:21.754918Z,337683751,30974.80000000,0.05000000,sell,2022-05-15 21:10:21.754918+00:00
2022-05-15T21:10:21.746722Z,337683750,30974.80000000,1.29325558,sell,2022-05-15 21:10:21.746722+00:00
2022-05-15T21:10:21.668474Z,337683749,30971.14000000,0.00031799,buy,2022-05-15 21:10:21.668474+00:00
2022-05-15T21:10:21.251951Z,337683748,30971.10000000,0.00167800,buy,2022-05-15 21:10:21.251951+00:00
2022-05-15T21:10:21.144076Z,337683747,30971.10000000,0.00015778,buy,2022-05-15 21:10:21.144076+00:00
2022-05-15T21:10:21.102814Z,337683746,30974.80000000,0.00007994,sell,2022-05-15 21:10:21.102814+00:00
2022-05-15T21:10:20.985482Z,337683745,30974.80000000,0.00089925,sell,2022-05-15 21:10:20.985482+00:00
2022-05-15T21:10:20.837229Z,337683744,30974.80000000,0.00075481,sell,2022-05-15 21:10:20.837229+00:00
2022-05-15T21:10:20.709541Z,337683743,30969.98000000,0.00342543,buy,2022-05-15 21:10:20.709541+00:00
2022-05-15T21:10:20.460769Z,337683742,30974.80000000,0.00006454,sell,2022-05-15 21:10:20.460769+00:00
2022-05-15T21:10:20.179226Z,337683741,30974.80000000,0.00067888,sell,2022-05-15 21:10:20.179226+00:00
2022-05-15T21:10:20.144673Z,337683740,30974.80000000,0.00101782,sell,2022-05-15 21:10:20.144673+00:00
2022-05-15T21:10:20.007401Z,337683739,30974.80000000,0.00154157,sell,2022-05-15 21:10:20.007401+00:00
2022-05-15T21:10:19.880561Z,337683738,30974.80000000,0.00038670,sell,2022-05-15 21:10:19.880561+00:00
2022-05-15T21:10:19.808258Z,337683737,30974.80000000,0.00321324,sell,2022-05-15 21:10:19.808258+00:00
2022-05-15T21:10:19.674833Z,337683736,30974.81000000,0.00140946,sell,2022-05-15 21:10:19.674833+00:00
2022-05-15T21:10:19.674833Z,337683735,30974.80000000,0.00814586,sell,2022-05-15 21:10:19.674833+00:00
2022-05-15T21:10:19.067605Z,337683734,30976.55000000,0.07285412,sell,2022-05-15 21:10:19.067605+00:00
2022-05-15T21:10:19.067605Z,337683733,30976.47000000,0.01187777,sell,2022-05-15 21:10:19.067605+00:00
2022-05-15T21:10:19.067605Z,337683732,30976.30000000,0.00661417,sell,2022-05-15 21:10:19.067605+00:00
2022-05-15T21:10:19.067605Z,337683731,30976.30000000,0.00296821,sell,2022-05-15 21:10:19.067605+00:00
2022-05-15T21:10:19.067605Z,337683730,30976.30000000,0.00434403,sell,2022-05-15 21:10:19.067605+00:00
2022-05-15T21:10:19.067605Z,337683729,30976.21000000,0.01868876,sell,2022-05-15 21:10:19.067605+00:00
2022-05-15T21:10:19.067605Z,337683728,30976.04000000,0.00555905,sell,2022-05-15 21:10:19.067605+00:00
2022-05-15T21:10:19.067605Z,337683727,30976.01000000,0.01620406,sell,2022-05-15 21:10:19.067605+00:00
2022-05-15T21:10:19.067605Z,337683726,30975.89000000,0.00782563,sell,2022-05-15 21:10:19.067605+00:00
2022-05-15T21:10:19.067605Z,337683725,30975.88000000,0.02197212,sell,2022-05-15 21:10:19.067605+00:00
2022-05-15T21:10:19.067605Z,337683724,30975.82000000,0.00052546,sell,2022-05-15 21:10:19.067605+00:00
2022-05-15T21:10:19.067605Z,337683723,30975.80000000,0.03462935,sell,2022-05-15 21:10:19.067605+00:00
2022-05-15T21:10:19.067605Z,337683722,30975.80000000,0.01939378,sell,2022-05-15 21:10:19.067605+00:00
2022-05-15T21:10:19.067605Z,337683721,30975.65000000,0.02666475,sell,2022-05-15 21:10:19.067605+00:00
2022-05-15T21:10:19.067605Z,337683720,30975.61000000,0.01745515,sell,2022-05-15 21:10:19.067605+00:00
2022-05-15T21:10:19.067605Z,337683719,30975.42000000,0.02353146,sell,2022-05-15 21:10:19.067605+00:00
2022-05-15T21:10:19.067605Z,337683718,30975.30000000,0.03572635,sell,2022-05-15 21:10:19.067605+00:00
2022-05-15T21:10:19.067605Z,337683717,30975.29000000,0.00100000,sell,2022-05-15 21:10:19.067605+00:00
2022-05-15T21:10:19.067605Z,337683716,30975.16000000,0.02647293,sell,2022-05-15 21:10:19.067605+00:00
2022-05-15T21:10:19.067605Z,337683715,30975.13000000,0.01867281,sell,2022-05-15 21:10:19.067605+00:00
2022-05-15T21:10:19.067605Z,337683714,30975.13000000,0.00859297,sell,2022-05-15 21:10:19.067605+00:00
2022-05-15T21:10:19.067605Z,337683713,30975.12000000,0.00100000,sell,2022-05-15 21:10:19.067605+00:00
2022-05-15T21:10:19.067605Z,337683712,30974.94000000,0.01877287,sell,2022-05-15 21:10:19.067605+00:00
2022-05-15T21:10:18.736511Z,337683711,30975.42000000,0.00238988,sell,2022-05-15 21:10:18.736511+00:00
2022-05-15T21:10:18.727249Z,337683710,30975.42000000,0.00356513,sell,2022-05-15 21:10:18.727249+00:00
2022-05-15T21:10:18.727249Z,337683709,30975.24000000,0.00536561,sell,2022-05-15 21:10:18.727249+00:00
2022-05-15T21:10:18.675865Z,337683708,30975.25000000,0.00725506,sell,2022-05-15 21:10:18.675865+00:00
2022-05-15T21:10:18.450597Z,337683707,30973.46000000,0.00211000,buy,2022-05-15 21:10:18.450597+00:00
2022-05-15T21:10:18.266888Z,337683706,30976.56000000,0.00129703,sell,2022-05-15 21:10:18.266888+00:00
2022-05-15T21:10:18.266888Z,337683705,30975.55000000,0.00084222,sell,2022-05-15 21:10:18.266888+00:00
2022-05-15T21:10:18.247836Z,337683704,30975.55000000,0.00015778,sell,2022-05-15 21:10:18.247836+00:00
2022-05-15T21:10:18.191178Z,337683703,30975.56000000,0.00085133,sell,2022-05-15 21:10:18.191178+00:00
2022-05-15T21:10:18.191178Z,337683702,30975.35000000,0.00100000,sell,2022-05-15 21:10:18.191178+00:00
2022-05-15T21:10:17.92107Z,337683701,30975.36000000,0.00627867,sell,2022-05-15 21:10:17.921070+00:00
2022-05-15T21:10:17.92107Z,337683700,30975.35000000,0.00982905,sell,2022-05-15 21:10:17.921070+00:00
2022-05-15T21:10:17.920726Z,337683699,30975.35000000,0.00243862,sell,2022-05-15 21:10:17.920726+00:00
2022-05-15T21:10:17.920726Z,337683698,30975.35000000,0.00014546,sell,2022-05-15 21:10:17.920726+00:00
2022-05-15T21:10:17.920726Z,337683697,30975.34000000,0.00100000,sell,2022-05-15 21:10:17.920726+00:00
2022-05-15T21:10:17.661022Z,337683696,30975.35000000,0.00048426,sell,2022-05-15 21:10:17.661022+00:00
2022-05-15T21:10:17.564928Z,337683695,30975.35000000,0.00037028,sell,2022-05-15 21:10:17.564928+00:00
2022-05-15T21:10:17.564928Z,337683694,30975.32000000,0.00100000,sell,2022-05-15 21:10:17.564928+00:00
2022-05-15T21:10:17.564928Z,337683693,30975.32000000,0.00325891,sell,2022-05-15 21:10:17.564928+00:00
2022-05-15T21:10:17.51453Z,337683692,30970.34000000,0.00498640,buy,2022-05-15 21:10:17.514530+00:00
2022-05-15T21:10:17.51453Z,337683691,30970.55000000,0.01006798,buy,2022-05-15 21:10:17.514530+00:00
2022-05-15T21:10:17.51453Z,337683690,30972.67000000,0.00173062,buy,2022-05-15 21:10:17.514530+00:00
2022-05-15T21:10:17.417185Z,337683689,30975.56000000,0.01001764,sell,2022-05-15 21:10:17.417185+00:00
2022-05-15T21:10:17.417185Z,337683688,30975.47000000,0.02620072,sell,2022-05-15 21:10:17.417185+00:00
2022-05-15T21:10:17.213631Z,337683687,30975.68000000,0.00617474,sell,2022-05-15 21:10:17.213631+00:00
2022-05-15T21:10:16.931079Z,337683686,30977.49000000,0.00199083,sell,2022-05-15 21:10:16.931079+00:00
2022-05-15T21:10:16.846483Z,337683685,30977.50000000,0.00113253,sell,2022-05-15 21:10:16.846483+00:00
2022-05-15T21:10:16.577076Z,337683684,30973.29000000,0.00016100,buy,2022-05-15 21:10:16.577076+00:00
2022-05-15T21:10:16.569756Z,337683683,30977.74000000,0.00525719,buy,2022-05-15 21:10:16.569756+00:00
2022-05-15T21:10:16.569756Z,337683682,30980.15000000,0.00432000,buy,2022-05-15 21:10:16.569756+00:00
2022-05-15T21:10:16.569756Z,337683681,30980.15000000,0.00279668,buy,2022-05-15 21:10:16.569756+00:00
2022-05-15T21:10:16.531639Z,337683680,30980.35000000,0.00688777,sell,2022-05-15 21:10:16.531639+00:00
2022-05-15T21:10:16.531639Z,337683679,30980.34000000,0.00325891,sell,2022-05-15 21:10:16.531639+00:00
2022-05-15T21:10:16.531639Z,337683678,30980.33000000,0.00292708,sell,2022-05-15 21:10:16.531639+00:00
2022-05-15T21:10:16.531639Z,337683677,30980.16000000,0.00302397,sell,2022-05-15 21:10:16.531639+00:00
2022-05-15T21:10:16.443496Z,337683676,30980.25000000,0.01251837,sell,2022-05-15 21:10:16.443496+00:00
2022-05-15T21:10:16.443496Z,337683675,30980.16000000,0.02366673,sell,2022-05-15 21:10:16.443496+00:00
2022-05-15T21:10:16.269961Z,337683674,30980.35000000,0.00964669,sell,2022-05-15 21:10:16.269961+00:00
2022-05-15T21:10:16.269961Z,337683673,30980.34000000,0.00642057,sell,2022-05-15 21:10:16.269961+00:00
2022-05-15T21:10:16.254849Z,337683672,30980.34000000,0.00009724,sell,2022-05-15 21:10:16.254849+00:00
2022-05-15T21:10:16.122733Z,337683671,30980.15000000,0.00224163,sell,2022-05-15 21:10:16.122733+00:00
2022-05-15T21:10:16.122733Z,337683670,30980.15000000,0.00100000,sell,2022-05-15 21:10:16.122733+00:00
2022-05-15T21:10:15.859981Z,337683669,30980.35000000,0.00439869,sell,2022-05-15 21:10:15.859981+00:00
2022-05-15T21:10:15.542442Z,337683668,30980.35000000,0.00003156,sell,2022-05-15 21:10:15.542442+00:00
2022-05-15T21:10:15.321372Z,337683667,30980.35000000,0.00799156,sell,2022-05-15 21:10:15.321372+00:00
2022-05-15T21:10:15.321372Z,337683666,30980.35000000,0.00810590,sell,2022-05-15 21:10:15.321372+00:00
2022-05-15T21:10:14.970308Z,337683665,30979.72000000,0.00872000,sell,2022-05-15 21:10:14.970308+00:00
2022-05-15T21:10:14.919186Z,337683664,30980.35000000,0.00118093,sell,2022-05-15 21:10:14.919186+00:00
2022-05-15T21:10:14.919186Z,337683663,30980.07000000,0.01359756,sell,2022-05-15 21:10:14.919186+00:00
2022-05-15T21:10:14.919186Z,337683662,30980.06000000,0.00131951,sell,2022-05-15 21:10:14.919186+00:00
2022-05-15T21:10:14.578863Z,337683661,30977.88000000,0.00140515,buy,2022-05-15 21:10:14.578863+00:00
2022-05-15T21:10:14.253811Z,337683660,30985.18000000,0.00102768,sell,2022-05-15 21:10:14.253811+00:00
2022-05-15T21:10:13.962122Z,337683659,30987.30000000,0.00028946,sell,2022-05-15 21:10:13.962122+00:00
2022-05-15T21:10:13.909426Z,337683658,30978.06000000,0.77622278,buy,2022-05-15 21:10:13.909426+00:00
2022-05-15T21:10:13.909426Z,337683657,30978.30000000,0.21574328,buy,2022-05-15 21:10:13.909426+00:00
2022-05-15T21:10:13.909426Z,337683656,30978.30000000,0.22032292,buy,2022-05-15 21:10:13.909426+00:00
2022-05-15T21:10:13.909426Z,337683655,30978.40000000,0.39690000,buy,2022-05-15 21:10:13.909426+00:00
2022-05-15T21:10:13.909426Z,337683654,30978.82000000,0.04700000,buy,2022-05-15 21:10:13.909426+00:00
2022-05-15T21:10:13.909426Z,337683653,30978.83000000,0.05113803,buy,2022-05-15 21:10:13.909426+00:00
2022-05-15T21:10:13.909426Z,337683652,30979.53000000,0.02328827,buy,2022-05-15 21:10:13.909426+00:00
2022-05-15T21:10:13.909426Z,337683651,30980.00000000,0.00100000,buy,2022-05-15 21:10:13.909426+00:00
2022-05-15T21:10:13.909426Z,337683650,30981.47000000,0.02672596,buy,2022-05-15 21:10:13.909426+00:00
2022-05-15T21:10:13.896288Z,337683649,30981.40000000,0.22807383,buy,2022-05-15 21:10:13.896288+00:00
2022-05-15T21:10:13.833658Z,337683648,30986.51000000,0.13789092,buy,2022-05-15 21:10:13.833658+00:00
2022-05-15T21:10:13.830214Z,337683647,30986.51000000,0.11408758,buy,2022-05-15 21:10:13.830214+00:00
2022-05-15T21:10:13.830214Z,337683646,30986.92000000,0.01314000,buy,2022-05-15 21:10:13.830214+00:00
2022-05-15T21:10:13.830214Z,337683645,30986.93000000,0.00170121,buy,2022-05-15 21:10:13.830214+00:00
2022-05-15T21:10:13.830214Z,337683644,30986.94000000,0.05000000,buy,2022-05-15 21:10:13.830214+00:00
2022-05-15T21:10:13.830214Z,337683643,30986.95000000,0.00170121,buy,2022-05-15 21:10:13.830214+00:00
2022-05-15T21:10:13.732329Z,337683642,30987.92000000,0.01444846,sell,2022-05-15 21:10:13.732329+00:00
2022-05-15T21:10:13.732329Z,337683641,30987.91000000,0.00164954,sell,2022-05-15 21:10:13.732329+00:00
2022-05-15T21:10:13.371845Z,337683640,30987.91000000,0.01109704,sell,2022-05-15 21:10:13.371845+00:00
2022-05-15T21:10:13.371845Z,337683639,30987.89000000,0.00500000,sell,2022-05-15 21:10:13.371845+00:00
2022-05-15T21:10:13.176896Z,337683638,30987.61000000,0.00015773,buy,2022-05-15 21:10:13.176896+00:00
2022-05-15T21:10:13.089304Z,337683637,30987.90000000,0.00154153,sell,2022-05-15 21:10:13.089304+00:00
2022-05-15T21:10:12.896586Z,337683636,30987.91000000,0.00028904,sell,2022-05-15 21:10:12.896586+00:00
2022-05-15T21:10:12.460261Z,337683635,30987.25000000,0.00004316,buy,2022-05-15 21:10:12.460261+00:00
2022-05-15T21:10:12.405663Z,337683634,30987.91000000,0.01278689,sell,2022-05-15 21:10:12.405663+00:00
2022-05-15T21:10:11.405989Z,337683633,30987.92000000,0.00224122,sell,2022-05-15 21:10:11.405989+00:00
2022-05-15T21:10:11.405989Z,337683632,30987.92000000,0.00100000,sell,2022-05-15 21:10:11.405989+00:00
2022-05-15T21:10:11.123429Z,337683631,30988.19000000,0.01381679,sell,2022-05-15 21:10:11.123429+00:00
2022-05-15T21:10:11.123429Z,337683630,30987.95000000,0.00100000,sell,2022-05-15 21:10:11.123429+00:00
2022-05-15T21:10:11.123429Z,337683629,30987.94000000,0.00100000,sell,2022-05-15 21:10:11.123429+00:00
2022-05-15T21:10:11.09936Z,337683628,30987.92000000,0.00028555,buy,2022-05-15 21:10:11.099360+00:00
2022-05-15T21:10:10.611607Z,337683627,30987.91000000,0.00046101,buy,2022-05-15 21:10:10.611607+00:00
2022-05-15T21:10:10.611607Z,337683626,30987.92000000,0.00082999,buy,2022-05-15 21:10:10.611607+00:00
2022-05-15T21:10:10.600369Z,337683625,30987.92000000,0.00081076,buy,2022-05-15 21:10:10.600369+00:00
2022-05-15T21:10:10.532737Z,337683624,30988.19000000,0.13355967,sell,2022-05-15 21:10:10.532737+00:00
2022-05-15T21:10:10.532737Z,337683623,30988.17000000,0.01199625,sell,2022-05-15 21:10:10.532737+00:00
2022-05-15T21:10:10.532737Z,337683622,30988.04000000,0.04600000,sell,2022-05-15 21:10:10.532737+00:00
2022-05-15T21:10:10.532737Z,337683621,30988.03000000,0.02561024,sell,2022-05-15 21:10:10.532737+00:00
2022-05-15T21:10:10.532737Z,337683620,30988.01000000,0.00248346,sell,2022-05-15 21:10:10.532737+00:00
2022-05-15T21:10:10.532737Z,337683619,30988.00000000,0.00248346,sell,2022-05-15 21:10:10.532737+00:00
2022-05-15T21:10:10.532737Z,337683618,30987.99000000,0.00248346,sell,2022-05-15 21:10:10.532737+00:00
2022-05-15T21:10:10.532737Z,337683617,30987.98000000,0.00248346,sell,2022-05-15 21:10:10.532737+00:00
2022-05-15T21:10:10.329817Z,337683616,30987.92000000,0.00033754,sell,2022-05-15 21:10:10.329817+00:00
2022-05-15T21:10:10.178996Z,337683615,30987.95000000,0.00003222,sell,2022-05-15 21:10:10.178996+00:00
2022-05-15T21:10:09.824Z,337683614,30986.51000000,0.00043155,buy,2022-05-15 21:10:09.824000+00:00
2022-05-15T21:10:09.824Z,337683613,30987.89000000,0.03000000,buy,2022-05-15 21:10:09.824000+00:00
2022-05-15T21:10:09.824Z,337683612,30987.89000000,0.00200000,buy,2022-05-15 21:10:09.824000+00:00
2022-05-15T21:10:09.780704Z,337683611,30988.02000000,0.00083056,sell,2022-05-15 21:10:09.780704+00:00
2022-05-15T21:10:09.780704Z,337683610,30988.01000000,0.00100000,sell,2022-05-15 21:10:09.780704+00:00
2022-05-15T21:10:09.719708Z,337683609,30988.04000000,0.00280771,sell,2022-05-15 21:10:09.719708+00:00
2022-05-15T21:10:09.719708Z,337683608,30988.03000000,0.00103393,sell,2022-05-15 21:10:09.719708+00:00
2022-05-15T21:10:09.719708Z,337683607,30988.02000000,0.00100000,sell,2022-05-15 21:10:09.719708+00:00
2022-05-15T21:10:09.719708Z,337683606,30988.02000000,0.00103393,sell,2022-05-15 21:10:09.719708+00:00
2022-05-15T21:10:09.719708Z,337683605,30988.01000000,0.00103393,sell,2022-05-15 21:10:09.719708+00:00
2022-05-15T21:10:09.719708Z,337683604,30988.00000000,0.00100000,sell,2022-05-15 21:10:09.719708+00:00
2022-05-15T21:10:09.144684Z,337683603,30988.19000000,0.00056214,sell,2022-05-15 21:10:09.144684+00:00
2022-05-15T21:10:08.894009Z,337683602,30987.97000000,0.00009549,buy,2022-05-15 21:10:08.894009+00:00
2022-05-15T21:10:08.878734Z,337683601,30988.25000000,0.00235310,sell,2022-05-15 21:10:08.878734+00:00
2022-05-15T21:10:08.878734Z,337683600,30988.25000000,0.00073453,sell,2022-05-15 21:10:08.878734+00:00
2022-05-15T21:10:08.874564Z,337683599,30988.25000000,0.00059489,sell,2022-05-15 21:10:08.874564+00:00
2022-05-15T21:10:08.874564Z,337683598,30988.25000000,0.00171795,sell,2022-05-15 21:10:08.874564+00:00
2022-05-15T21:10:08.639968Z,337683597,30988.31000000,0.00075469,sell,2022-05-15 21:10:08.639968+00:00
2022-05-15T21:10:08.391746Z,337683596,30988.41000000,0.00012874,sell,2022-05-15 21:10:08.391746+00:00
2022-05-15T21:10:08.194802Z,337683595,30988.61000000,0.00154153,sell,2022-05-15 21:10:08.194802+00:00
2022-05-15T21:10:08.191321Z,337683594,30988.61000000,0.00043380,sell,2022-05-15 21:10:08.191321+00:00
2022-05-15T21:10:08.113293Z,337683593,30987.89000000,0.00701674,buy,2022-05-15 21:10:08.113293+00:00
2022-05-15T21:10:08.113293Z,337683592,30987.90000000,0.10000000,buy,2022-05-15 21:10:08.113293+00:00
2022-05-15T21:10:08.113293Z,337683591,30988.95000000,0.00100000,buy,2022-05-15 21:10:08.113293+00:00
2022-05-15T21:10:08.113293Z,337683590,30988.96000000,0.00100000,buy,2022-05-15 21:10:08.113293+00:00
2022-05-15T21:10:08.113293Z,337683589,30988.97000000,0.00100000,buy,2022-05-15 21:10:08.113293+00:00
2022-05-15T21:10:08.113293Z,337683588,30988.97000000,0.00100000,buy,2022-05-15 21:10:08.113293+00:00
2022-05-15T21:10:08.113293Z,337683587,30988.97000000,0.03900000,buy,2022-05-15 21:10:08.113293+00:00
2022-05-15T21:10:08.020426Z,337683586,30989.13000000,0.00160424,sell,2022-05-15 21:10:08.020426+00:00
2022-05-15T21:10:07.886057Z,337683585,30989.38000000,0.00127565,sell,2022-05-15 21:10:07.886057+00:00
2022-05-15T21:10:07.886057Z,337683584,30989.38000000,0.00189917,sell,2022-05-15 21:10:07.886057+00:00
2022-05-15T21:10:07.863792Z,337683583,30989.39000000,0.00311501,sell,2022-05-15 21:10:07.863792+00:00
2022-05-15T21:10:07.754662Z,337683582,30988.92000000,0.23916645,buy,2022-05-15 21:10:07.754662+00:00
2022-05-15T21:10:07.754662Z,337683581,30988.93000000,0.10000000,buy,2022-05-15 21:10:07.754662+00:00
2022-05-15T21:10:07.754662Z,337683580,30988.93000000,0.00100822,buy,2022-05-15 21:10:07.754662+00:00
2022-05-15T21:10:07.754662Z,337683579,30988.93000000,0.00212893,buy,2022-05-15 21:10:07.754662+00:00
2022-05-15T21:10:07.754662Z,337683578,30988.93000000,0.00199344,buy,2022-05-15 21:10:07.754662+00:00
2022-05-15T21:10:07.754662Z,337683577,30988.94000000,0.00199344,buy,2022-05-15 21:10:07.754662+00:00
2022-05-15T21:10:07.754662Z,337683576,30988.94000000,0.00212893,buy,2022-05-15 21:10:07.754662+00:00
2022-05-15T21:10:07.754662Z,337683575,30988.95000000,0.00100822,buy,2022-05-15 21:10:07.754662+00:00
2022-05-15T21:10:07.754662Z,337683574,30988.96000000,0.00199344,buy,2022-05-15 21:10:07.754662+00:00
2022-05-15T21:10:07.754662Z,337683573,30988.96000000,0.00212893,buy,2022-05-15 21:10:07.754662+00:00
2022-05-15T21:10:07.754662Z,337683572,30988.97000000,0.00212893,buy,2022-05-15 21:10:07.754662+00:00
2022-05-15T21:10:07.754662Z,337683571,30988.97000000,0.00100822,buy,2022-05-15 21:10:07.754662+00:00
2022-05-15T21:10:07.532819Z,337683570,30988.84000000,0.00226459,buy,2022-05-15 21:10:07.532819+00:00
2022-05-15T21:10:07.532819Z,337683569,30988.92000000,0.00775849,buy,2022-05-15 21:10:07.532819+00:00
2022-05-15T21:10:07.532819Z,337683568,30988.93000000,0.00144032,buy,2022-05-15 21:10:07.532819+00:00
2022-05-15T21:10:07.323351Z,337683567,30990.48000000,0.00028942,sell,2022-05-15 21:10:07.323351+00:00
2022-05-15T21:10:07.082962Z,337683566,30990.68000000,0.04600000,buy,2022-05-15 21:10:07.082962+00:00
2022-05-15T21:10:07.082962Z,337683565,30990.68000000,0.02528507,buy,2022-05-15 21:10:07.082962+00:00
2022-05-15T21:10:07.082962Z,337683564,30990.69000000,0.01750539,buy,2022-05-15 21:10:07.082962+00:00
2022-05-15T21:10:07.082962Z,337683563,30990.69000000,0.00304133,buy,2022-05-15 21:10:07.082962+00:00
2022-05-15T21:10:07.082962Z,337683562,30990.69000000,0.00272373,buy,2022-05-15 21:10:07.082962+00:00
2022-05-15T21:10:07.082962Z,337683561,30990.69000000,0.02837941,buy,2022-05-15 21:10:07.082962+00:00
2022-05-15T21:10:07.082962Z,337683560,30990.69000000,0.00205759,buy,2022-05-15 21:10:07.082962+00:00
2022-05-15T21:10:07.082962Z,337683559,30990.78000000,0.02873225,buy,2022-05-15 21:10:07.082962+00:00
2022-05-15T21:10:07.082962Z,337683558,30991.02000000,0.01152642,buy,2022-05-15 21:10:07.082962+00:00
2022-05-15T21:10:07.015978Z,337683557,30991.15000000,0.14000206,sell,2022-05-15 21:10:07.015978+00:00
2022-05-15T21:10:07.015978Z,337683556,30990.48000000,0.00752084,sell,2022-05-15 21:10:07.015978+00:00
2022-05-15T21:10:07.015978Z,337683555,30990.48000000,0.00000066,sell,2022-05-15 21:10:07.015978+00:00
2022-05-15T21:10:07.015712Z,337683554,30990.48000000,0.00315000,sell,2022-05-15 21:10:07.015712+00:00
2022-05-15T21:10:06.947986Z,337683553,30988.85000000,0.00120011,buy,2022-05-15 21:10:06.947986+00:00
2022-05-15T21:10:06.916859Z,337683552,30990.52000000,0.00003974,sell,2022-05-15 21:10:06.916859+00:00
2022-05-15T21:10:06.306401Z,337683551,30990.94000000,0.00571549,sell,2022-05-15 21:10:06.306401+00:00
2022-05-15T21:10:06.306401Z,337683550,30990.84000000,0.00060926,sell,2022-05-15 21:10:06.306401+00:00
2022-05-15T21:10:06.188631Z,337683549,30988.37000000,0.00165027,buy,2022-05-15 21:10:06.188631+00:00
2022-05-15T21:10:05.898078Z,337683548,30991.15000000,0.01606573,sell,2022-05-15 21:10:05.898078+00:00
2022-05-15T21:10:05.75438Z,337683547,30991.06000000,0.00030119,sell,2022-05-15 21:10:05.754380+00:00
2022-05-15T21:10:05.445506Z,337683546,30991.21000000,0.00253147,sell,2022-05-15 21:10:05.445506+00:00
2022-05-15T21:10:05.240006Z,337683545,30989.25000000,0.00005235,buy,2022-05-15 21:10:05.240006+00:00
2022-05-15T21:10:05.039851Z,337683544,30991.46000000,0.00790840,sell,2022-05-15 21:10:05.039851+00:00
2022-05-15T21:10:04.75425Z,337683543,30991.42000000,0.00128467,sell,2022-05-15 21:10:04.754250+00:00
2022-05-15T21:10:03.861856Z,337683542,30990.77000000,0.00010842,buy,2022-05-15 21:10:03.861856+00:00
2022-05-15T21:10:03.744507Z,337683541,30990.77000000,0.00004000,buy,2022-05-15 21:10:03.744507+00:00
2022-05-15T21:10:03.538707Z,337683540,30990.92000000,0.00002199,sell,2022-05-15 21:10:03.538707+00:00
2022-05-15T21:10:03.474541Z,337683539,30990.77000000,0.00035473,buy,2022-05-15 21:10:03.474541+00:00
2022-05-15T21:10:03.316956Z,337683538,30991.24000000,0.00160543,sell,2022-05-15 21:10:03.316956+00:00
2022-05-15T21:10:03.231654Z,337683537,30988.16000000,0.00645300,buy,2022-05-15 21:10:03.231654+00:00
2022-05-15T21:10:03.220112Z,337683536,30988.15000000,0.00428987,buy,2022-05-15 21:10:03.220112+00:00
