time,trade_id,price,size,side,date
2022-05-15T21:12:10.85583Z,120119,2.19000000,0.10000000,buy,2022-05-15 21:12:10.855830+00:00
2022-05-15T21:09:43.375705Z,120118,2.22000000,68.11000000,sell,2022-05-15 21:09:43.375705+00:00
2022-05-15T21:07:59.733812Z,120117,2.20000000,9.01000000,sell,2022-05-15 21:07:59.733812+00:00
2022-05-15T21:07:59.733812Z,120116,2.20000000,1.25000000,sell,2022-05-15 21:07:59.733812+00:00
2022-05-15T21:00:20.604119Z,120115,2.21000000,4.70000000,sell,2022-05-15 21:00:20.604119+00:00
2022-05-15T21:00:20.604119Z,120114,2.20000000,20.00000000,sell,2022-05-15 21:00:20.604119+00:00
2022-05-15T21:00:20.604119Z,120113,2.16000000,16.00000000,sell,2022-05-15 21:00:20.604119+00:00
2022-05-15T20:59:17.580068Z,120112,2.16000000,1.89000000,sell,2022-05-15 20:59:17.580068+00:00
2022-05-15T20:36:13.712398Z,120111,2.15000000,32.34000000,buy,2022-05-15 20:36:13.712398+00:00
2022-05-15T20:36:13.712398Z,120110,2.15000000,4.00000000,buy,2022-05-15 20:36:13.712398+00:00
2022-05-15T20:32:32.938871Z,120109,2.15000000,0.10000000,buy,2022-05-15 20:32:32.938871+00:00
2022-05-15T20:18:46.327245Z,120108,2.16000000,2.67000000,sell,2022-05-15 20:18:46.327245+00:00
2022-05-15T20:18:42.075441Z,120107,2.15000000,3.38000000,buy,2022-05-15 20:18:42.075441+00:00
2022-05-15T20:18:42.075441Z,120106,2.15000000,20.00000000,buy,2022-05-15 20:18:42.075441+00:00
2022-05-15T20:15:49.765596Z,120105,2.15000000,0.10000000,buy,2022-05-15 20:15:49.765596+00:00
2022-05-15T19:43:43.05341Z,120104,2.12000000,3.78000000,buy,2022-05-15 19:43:43.053410+00:00
2022-05-15T19:33:37.202899Z,120103,2.12000000,0.10000000,sell,2022-05-15 19:33:37.202899+00:00
2022-05-15T19:32:19.622598Z,120102,2.11000000,0.23000000,buy,2022-05-15 19:32:19.622598+00:00
2022-05-15T19:27:19.545082Z,120101,2.11000000,2.58000000,sell,2022-05-15 19:27:19.545082+00:00
2022-05-15T19:26:05.601633Z,120100,2.12000000,10.13000000,sell,2022-05-15 19:26:05.601633+00:00
2022-05-15T19:11:16.771763Z,120099,2.10000000,0.10000000,sell,2022-05-15 19:11:16.771763+00:00
2022-05-15T19:08:33.704414Z,120098,2.10000000,1.38000000,buy,2022-05-15 19:08:33.704414+00:00
2022-05-15T19:08:33.704414Z,120097,2.11000000,20.00000000,buy,2022-05-15 19:08:33.704414+00:00
2022-05-15T19:08:33.704414Z,120096,2.11000000,0.62000000,buy,2022-05-15 19:08:33.704414+00:00
2022-05-15T19:00:13.754463Z,120095,2.12000000,0.10000000,sell,2022-05-15 19:00:13.754463+00:00
2022-05-15T18:46:16.280982Z,120094,2.13000000,0.10000000,sell,2022-05-15 18:46:16.280982+00:00
2022-05-15T18:42:17.329152Z,120093,2.13000000,9.20000000,sell,2022-05-15 18:42:17.329152+00:00
2022-05-15T18:40:48.218306Z,120092,2.09000000,0.16000000,buy,2022-05-15 18:40:48.218306+00:00
2022-05-15T18:25:34.263682Z,120091,2.11000000,0.10000000,sell,2022-05-15 18:25:34.263682+00:00
2022-05-15T18:19:11.538767Z,120090,2.09000000,1.48000000,buy,2022-05-15 18:19:11.538767+00:00
2022-05-15T17:58:29.117852Z,120089,2.11000000,44.98000000,sell,2022-05-15 17:58:29.117852+00:00
2022-05-15T17:58:29.117852Z,120088,2.11000000,1.22000000,sell,2022-05-15 17:58:29.117852+00:00
2022-05-15T17:58:29.117852Z,120087,2.10000000,0.19000000,sell,2022-05-15 17:58:29.117852+00:00
2022-05-15T17:57:02.447874Z,120086,2.10000000,46.61000000,sell,2022-05-15 17:57:02.447874+00:00
2022-05-15T17:52:07.849431Z,120085,2.11000000,0.10000000,sell,2022-05-15 17:52:07.849431+00:00
2022-05-15T17:41:14.320717Z,120084,2.13000000,1.65000000,sell,2022-05-15 17:41:14.320717+00:00
2022-05-15T17:36:00.180167Z,120083,2.13000000,331.48000000,sell,2022-05-15 17:36:00.180167+00:00
2022-05-15T17:36:00.180167Z,120082,2.12000000,20.00000000,sell,2022-05-15 17:36:00.180167+00:00
2022-05-15T17:36:00.180167Z,120081,2.12000000,117.71000000,sell,2022-05-15 17:36:00.180167+00:00
2022-05-15T17:25:49.078519Z,120080,2.11000000,2.94000000,buy,2022-05-15 17:25:49.078519+00:00
2022-05-15T17:18:50.173685Z,120079,2.10000000,0.67000000,buy,2022-05-15 17:18:50.173685+00:00
2022-05-15T17:16:20.633971Z,120078,2.12000000,3.38000000,sell,2022-05-15 17:16:20.633971+00:00
2022-05-15T17:16:20.633971Z,120077,2.11000000,20.00000000,sell,2022-05-15 17:16:20.633971+00:00
2022-05-15T16:53:51.627511Z,120076,2.10000000,0.10000000,sell,2022-05-15 16:53:51.627511+00:00
2022-05-15T16:51:50.03313Z,120075,2.08000000,8.17000000,buy,2022-05-15 16:51:50.033130+00:00
2022-05-15T16:21:04.950763Z,120074,2.08000000,0.48000000,sell,2022-05-15 16:21:04.950763+00:00
2022-05-15T16:15:16.722675Z,120073,2.07000000,48.69000000,sell,2022-05-15 16:15:16.722675+00:00
2022-05-15T16:09:57.675629Z,120072,2.06000000,0.38000000,buy,2022-05-15 16:09:57.675629+00:00
2022-05-15T16:04:15.046804Z,120071,2.08000000,0.10000000,sell,2022-05-15 16:04:15.046804+00:00
2022-05-15T16:03:51.506038Z,120070,2.07000000,0.46000000,buy,2022-05-15 16:03:51.506038+00:00
2022-05-15T15:56:18.680682Z,120069,2.06000000,0.10000000,buy,2022-05-15 15:56:18.680682+00:00
2022-05-15T15:43:19.13455Z,120068,2.07000000,0.29000000,sell,2022-05-15 15:43:19.134550+00:00
2022-05-15T15:20:28.463227Z,120067,2.08000000,0.20000000,sell,2022-05-15 15:20:28.463227+00:00
2022-05-15T15:20:26.854004Z,120066,2.08000000,0.10000000,sell,2022-05-15 15:20:26.854004+00:00
2022-05-15T15:16:28.029401Z,120065,2.08000000,0.47000000,sell,2022-05-15 15:16:28.029401+00:00
2022-05-15T15:16:20.998935Z,120064,2.08000000,0.15000000,sell,2022-05-15 15:16:20.998935+00:00
2022-05-15T15:13:57.375878Z,120063,2.07000000,12.29000000,buy,2022-05-15 15:13:57.375878+00:00
2022-05-15T15:13:57.375878Z,120062,2.08000000,20.00000000,buy,2022-05-15 15:13:57.375878+00:00
2022-05-15T15:13:37.134276Z,120061,2.08000000,1.13000000,buy,2022-05-15 15:13:37.134276+00:00
2022-05-15T14:54:13.30416Z,120060,2.06000000,0.10000000,buy,2022-05-15 14:54:13.304160+00:00
2022-05-15T14:31:20.305788Z,120059,2.07000000,0.48000000,sell,2022-05-15 14:31:20.305788+00:00
2022-05-15T14:30:36.719286Z,120058,2.06000000,0.10000000,buy,2022-05-15 14:30:36.719286+00:00
2022-05-15T14:07:02.986596Z,120057,2.06000000,1.01000000,buy,2022-05-15 14:07:02.986596+00:00
2022-05-15T14:06:39.634572Z,120056,2.07000000,0.10000000,sell,2022-05-15 14:06:39.634572+00:00
2022-05-15T14:05:55.766453Z,120055,2.09000000,0.30000000,buy,2022-05-15 14:05:55.766453+00:00
2022-05-15T13:51:20.014047Z,120054,2.10000000,0.11000000,sell,2022-05-15 13:51:20.014047+00:00
2022-05-15T13:51:19.706703Z,120053,2.10000000,7.71000000,sell,2022-05-15 13:51:19.706703+00:00
2022-05-15T13:51:15.797301Z,120052,2.12000000,0.10000000,buy,2022-05-15 13:51:15.797301+00:00
2022-05-15T13:46:46.835308Z,120051,2.10000000,0.60000000,buy,2022-05-15 13:46:46.835308+00:00
2022-05-15T13:26:27.186222Z,120050,2.09000000,4.17000000,buy,2022-05-15 13:26:27.186222+00:00
2022-05-15T13:24:35.238957Z,120049,2.10000000,1.69000000,sell,2022-05-15 13:24:35.238957+00:00
2022-05-15T13:14:14.270299Z,120048,2.11000000,45.75000000,sell,2022-05-15 13:14:14.270299+00:00
2022-05-15T13:08:08.079447Z,120047,2.09000000,0.10000000,buy,2022-05-15 13:08:08.079447+00:00
2022-05-15T13:04:12.213823Z,120046,2.09000000,1.62000000,buy,2022-05-15 13:04:12.213823+00:00
2022-05-15T13:00:44.957686Z,120045,2.10000000,0.10000000,buy,2022-05-15 13:00:44.957686+00:00
2022-05-15T12:58:23.856598Z,120044,2.12000000,80.22000000,sell,2022-05-15 12:58:23.856598+00:00
2022-05-15T12:53:09.760826Z,120043,2.13000000,0.18000000,sell,2022-05-15 12:53:09.760826+00:00
2022-05-15T12:42:11.602279Z,120042,2.13000000,0.23000000,sell,2022-05-15 12:42:11.602279+00:00
2022-05-15T12:39:53.656289Z,120041,2.13000000,20.17000000,sell,2022-05-15 12:39:53.656289+00:00
2022-05-15T12:36:08.717556Z,120040,2.12000000,0.14000000,sell,2022-05-15 12:36:08.717556+00:00
2022-05-15T12:31:04.658028Z,120039,2.10000000,0.19000000,buy,2022-05-15 12:31:04.658028+00:00
2022-05-15T12:30:38.291706Z,120038,2.10000000,0.10000000,buy,2022-05-15 12:30:38.291706+00:00
2022-05-15T12:29:36.506976Z,120037,2.13000000,10.61000000,sell,2022-05-15 12:29:36.506976+00:00
2022-05-15T12:29:17.91602Z,120036,2.13000000,0.10000000,sell,2022-05-15 12:29:17.916020+00:00
2022-05-15T12:22:49.574029Z,120035,2.15000000,293.91000000,sell,2022-05-15 12:22:49.574029+00:00
2022-05-15T12:22:49.574029Z,120034,2.15000000,43.18000000,sell,2022-05-15 12:22:49.574029+00:00
2022-05-15T12:20:26.163642Z,120033,2.14000000,136.00000000,buy,2022-05-15 12:20:26.163642+00:00
2022-05-15T12:20:26.094319Z,120032,2.14000000,177.00000000,buy,2022-05-15 12:20:26.094319+00:00
2022-05-15T12:20:25.827368Z,120031,2.14000000,359.54000000,sell,2022-05-15 12:20:25.827368+00:00
2022-05-15T12:20:25.827368Z,120030,2.13000000,116.27000000,sell,2022-05-15 12:20:25.827368+00:00
2022-05-15T12:18:55.249147Z,120029,2.13000000,20.00000000,sell,2022-05-15 12:18:55.249147+00:00
2022-05-15T12:18:55.249147Z,120028,2.13000000,320.74000000,sell,2022-05-15 12:18:55.249147+00:00
2022-05-15T12:18:19.939311Z,120027,2.13000000,192.87000000,buy,2022-05-15 12:18:19.939311+00:00
2022-05-15T12:18:19.920833Z,120026,2.13000000,321.71000000,sell,2022-05-15 12:18:19.920833+00:00
2022-05-15T12:18:19.920833Z,120025,2.13000000,20.00000000,sell,2022-05-15 12:18:19.920833+00:00
2022-05-15T12:18:19.920833Z,120024,2.13000000,81.22000000,sell,2022-05-15 12:18:19.920833+00:00
2022-05-15T12:18:08.137804Z,120023,2.11000000,14.56000000,buy,2022-05-15 12:18:08.137804+00:00
2022-05-15T12:08:08.892279Z,120022,2.13000000,0.29000000,buy,2022-05-15 12:08:08.892279+00:00
2022-05-15T12:08:06.147316Z,120021,2.14000000,0.11000000,sell,2022-05-15 12:08:06.147316+00:00
2022-05-15T12:03:56.190918Z,120020,2.15000000,0.10000000,sell,2022-05-15 12:03:56.190918+00:00
2022-05-15T12:03:26.933352Z,120019,2.13000000,4.40000000,buy,2022-05-15 12:03:26.933352+00:00
2022-05-15T11:46:05.171716Z,120018,2.14000000,1.93000000,buy,2022-05-15 11:46:05.171716+00:00
2022-05-15T11:44:34.533233Z,120017,2.15000000,1.25000000,sell,2022-05-15 11:44:34.533233+00:00
2022-05-15T11:44:17.980446Z,120016,2.15000000,7.67000000,sell,2022-05-15 11:44:17.980446+00:00
2022-05-15T11:39:58.465681Z,120015,2.14000000,0.10000000,buy,2022-05-15 11:39:58.465681+00:00
2022-05-15T11:36:26.868207Z,120014,2.15000000,14.56000000,sell,2022-05-15 11:36:26.868207+00:00
2022-05-15T11:35:53.18093Z,120013,2.15000000,25.53000000,sell,2022-05-15 11:35:53.180930+00:00
2022-05-15T11:33:36.350023Z,120012,2.14000000,1.25000000,buy,2022-05-15 11:33:36.350023+00:00
2022-05-15T11:33:10.010664Z,120011,2.15000000,0.10000000,sell,2022-05-15 11:33:10.010664+00:00
2022-05-15T11:32:06.641457Z,120010,2.13000000,0.37000000,buy,2022-05-15 11:32:06.641457+00:00
2022-05-15T11:21:40.056688Z,120009,2.12000000,0.10000000,sell,2022-05-15 11:21:40.056688+00:00
2022-05-15T11:11:58.067334Z,120008,2.12000000,0.96000000,buy,2022-05-15 11:11:58.067334+00:00
2022-05-15T11:04:56.738613Z,120007,2.12000000,0.10000000,sell,2022-05-15 11:04:56.738613+00:00
2022-05-15T10:55:31.134635Z,120006,2.10000000,0.10000000,buy,2022-05-15 10:55:31.134635+00:00
2022-05-15T10:53:35.665097Z,120005,2.11000000,4.00000000,buy,2022-05-15 10:53:35.665097+00:00
2022-05-15T10:53:35.665097Z,120004,2.11000000,20.00000000,buy,2022-05-15 10:53:35.665097+00:00
2022-05-15T10:53:04.422554Z,120003,2.12000000,18.87000000,sell,2022-05-15 10:53:04.422554+00:00
2022-05-15T10:52:14.580272Z,120002,2.11000000,7.23000000,buy,2022-05-15 10:52:14.580272+00:00
2022-05-15T10:48:49.38118Z,120001,2.08000000,24.22000000,sell,2022-05-15 10:48:49.381180+00:00
2022-05-15T10:48:41.183295Z,120000,2.08000000,19.00000000,sell,2022-05-15 10:48:41.183295+00:00
2022-05-15T10:40:52.294591Z,119999,2.07000000,1.55000000,buy,2022-05-15 10:40:52.294591+00:00
2022-05-15T10:37:44.117268Z,119998,2.06000000,0.27000000,buy,2022-05-15 10:37:44.117268+00:00
2022-05-15T10:32:35.595953Z,119997,2.06000000,0.24000000,sell,2022-05-15 10:32:35.595953+00:00
2022-05-15T10:30:12.681172Z,119996,2.07000000,0.12000000,sell,2022-05-15 10:30:12.681172+00:00
2022-05-15T10:29:11.335964Z,119995,2.07000000,36.05000000,sell,2022-05-15 10:29:11.335964+00:00
2022-05-15T10:28:57.685486Z,119994,2.07000000,0.10000000,sell,2022-05-15 10:28:57.685486+00:00
2022-05-15T10:24:49.434139Z,119993,2.06000000,1.97000000,sell,2022-05-15 10:24:49.434139+00:00
2022-05-15T10:23:42.374469Z,119992,2.06000000,0.10000000,sell,2022-05-15 10:23:42.374469+00:00
2022-05-15T10:19:53.9022Z,119991,2.04000000,0.95000000,buy,2022-05-15 10:19:53.902200+00:00
2022-05-15T10:19:53.9022Z,119990,2.04000000,41.90000000,buy,2022-05-15 10:19:53.902200+00:00
2022-05-15T10:19:53.9022Z,119989,2.04000000,22.70000000,buy,2022-05-15 10:19:53.902200+00:00
2022-05-15T10:19:53.9022Z,119988,2.05000000,8.00000000,buy,2022-05-15 10:19:53.902200+00:00
2022-05-15T10:08:46.526599Z,119987,2.05000000,9.98000000,sell,2022-05-15 10:08:46.526599+00:00
2022-05-15T10:02:41.770578Z,119986,2.06000000,0.24000000,sell,2022-05-15 10:02:41.770578+00:00
2022-05-15T10:02:26.328691Z,119985,2.05000000,0.49000000,buy,2022-05-15 10:02:26.328691+00:00
2022-05-15T09:56:22.609178Z,119984,2.03000000,0.61000000,buy,2022-05-15 09:56:22.609178+00:00
2022-05-15T09:55:41.52819Z,119983,2.04000000,0.10000000,sell,2022-05-15 09:55:41.528190+00:00
2022-05-15T09:26:58.757721Z,119982,2.00000000,4.00000000,buy,2022-05-15 09:26:58.757721+00:00
2022-05-15T09:22:08.723474Z,119981,1.99000000,0.10000000,buy,2022-05-15 09:22:08.723474+00:00
2022-05-15T09:14:57.442908Z,119980,1.98000000,0.10000000,buy,2022-05-15 09:14:57.442908+00:00
2022-05-15T09:10:18.476803Z,119979,2.01000000,23.89000000,buy,2022-05-15 09:10:18.476803+00:00
2022-05-15T09:06:36.010244Z,119978,2.02000000,3.22000000,sell,2022-05-15 09:06:36.010244+00:00
2022-05-15T08:59:01.836393Z,119977,2.02000000,1.40000000,buy,2022-05-15 08:59:01.836393+00:00
2022-05-15T08:59:01.836393Z,119976,2.02000000,8.00000000,buy,2022-05-15 08:59:01.836393+00:00
2022-05-15T08:52:48.814209Z,119975,2.03000000,0.27000000,sell,2022-05-15 08:52:48.814209+00:00
2022-05-15T08:50:38.870276Z,119974,2.03000000,1.50000000,sell,2022-05-15 08:50:38.870276+00:00
2022-05-15T08:49:20.024423Z,119973,2.03000000,0.10000000,sell,2022-05-15 08:49:20.024423+00:00
2022-05-15T08:47:58.336286Z,119972,2.03000000,6.36000000,sell,2022-05-15 08:47:58.336286+00:00
2022-05-15T08:25:13.805035Z,119971,2.04000000,4.82000000,sell,2022-05-15 08:25:13.805035+00:00
2022-05-15T08:22:23.327483Z,119970,2.02000000,18.33000000,sell,2022-05-15 08:22:23.327483+00:00
2022-05-15T08:12:06.523478Z,119969,2.03000000,0.17000000,sell,2022-05-15 08:12:06.523478+00:00
2022-05-15T08:07:59.781527Z,119968,2.03000000,0.10000000,sell,2022-05-15 08:07:59.781527+00:00
2022-05-15T07:49:56.728576Z,119967,2.04000000,0.36000000,sell,2022-05-15 07:49:56.728576+00:00
2022-05-15T07:44:50.201949Z,119966,2.06000000,0.10000000,sell,2022-05-15 07:44:50.201949+00:00
2022-05-15T07:43:29.998616Z,119965,2.05000000,19.01000000,buy,2022-05-15 07:43:29.998616+00:00
2022-05-15T07:33:21.864367Z,119964,2.04000000,4.10000000,buy,2022-05-15 07:33:21.864367+00:00
2022-05-15T07:32:24.88998Z,119963,2.05000000,10.28000000,buy,2022-05-15 07:32:24.889980+00:00
2022-05-15T07:31:17.571553Z,119962,2.05000000,0.10000000,buy,2022-05-15 07:31:17.571553+00:00
2022-05-15T07:17:18.852393Z,119961,2.08000000,0.10000000,buy,2022-05-15 07:17:18.852393+00:00
2022-05-15T07:04:04.566306Z,119960,2.10000000,40.00000000,sell,2022-05-15 07:04:04.566306+00:00
2022-05-15T06:58:06.250023Z,119959,2.10000000,0.10000000,buy,2022-05-15 06:58:06.250023+00:00
2022-05-15T06:55:25.405198Z,119958,2.09000000,2.66000000,buy,2022-05-15 06:55:25.405198+00:00
2022-05-15T06:51:34.771924Z,119957,2.08000000,0.44000000,buy,2022-05-15 06:51:34.771924+00:00
2022-05-15T06:46:34.315246Z,119956,2.08000000,1.23000000,sell,2022-05-15 06:46:34.315246+00:00
2022-05-15T06:36:21.926891Z,119955,2.07000000,11.56000000,buy,2022-05-15 06:36:21.926891+00:00
2022-05-15T06:30:18.545488Z,119954,2.07000000,0.10000000,sell,2022-05-15 06:30:18.545488+00:00
2022-05-15T06:26:53.808311Z,119953,2.07000000,0.21000000,sell,2022-05-15 06:26:53.808311+00:00
2022-05-15T06:25:13.398859Z,119952,2.07000000,19.33000000,sell,2022-05-15 06:25:13.398859+00:00
2022-05-15T06:25:05.537148Z,119951,2.07000000,5.09000000,sell,2022-05-15 06:25:05.537148+00:00
2022-05-15T06:24:38.879778Z,119950,2.06000000,0.10000000,buy,2022-05-15 06:24:38.879778+00:00
2022-05-15T06:18:58.670235Z,119949,2.04000000,3.66000000,sell,2022-05-15 06:18:58.670235+00:00
2022-05-15T06:18:58.670235Z,119948,2.03000000,11.34000000,sell,2022-05-15 06:18:58.670235+00:00
2022-05-15T06:11:42.298669Z,119947,2.02000000,0.72000000,buy,2022-05-15 06:11:42.298669+00:00
2022-05-15T06:10:16.763637Z,119946,2.03000000,15.00000000,sell,2022-05-15 06:10:16.763637+00:00
2022-05-15T06:09:43.349442Z,119945,2.03000000,0.61000000,sell,2022-05-15 06:09:43.349442+00:00
2022-05-15T06:09:38.680121Z,119944,2.03000000,28.00000000,sell,2022-05-15 06:09:38.680121+00:00
2022-05-15T06:08:51.665532Z,119943,2.02000000,0.61000000,buy,2022-05-15 06:08:51.665532+00:00
2022-05-15T06:08:39.910113Z,119942,2.03000000,0.61000000,sell,2022-05-15 06:08:39.910113+00:00
2022-05-15T05:59:57.094328Z,119941,2.02000000,0.10000000,buy,2022-05-15 05:59:57.094328+00:00
2022-05-15T05:39:30.74595Z,119940,1.97000000,0.34000000,sell,2022-05-15 05:39:30.745950+00:00
2022-05-15T05:39:26.744615Z,119939,1.97000000,0.14000000,sell,2022-05-15 05:39:26.744615+00:00
2022-05-15T05:34:54.838287Z,119938,1.97000000,0.10000000,buy,2022-05-15 05:34:54.838287+00:00
2022-05-15T05:29:53.067153Z,119937,1.98000000,25.91000000,sell,2022-05-15 05:29:53.067153+00:00
2022-05-15T05:29:53.067153Z,119936,1.98000000,20.00000000,sell,2022-05-15 05:29:53.067153+00:00
2022-05-15T05:29:53.067153Z,119935,1.98000000,75.07000000,sell,2022-05-15 05:29:53.067153+00:00
2022-05-15T05:15:10.614639Z,119934,1.96000000,0.20000000,buy,2022-05-15 05:15:10.614639+00:00
2022-05-15T05:11:40.052088Z,119933,1.96000000,5.03000000,buy,2022-05-15 05:11:40.052088+00:00
2022-05-15T05:06:17.883125Z,119932,1.97000000,0.10000000,sell,2022-05-15 05:06:17.883125+00:00
2022-05-15T04:53:13.29936Z,119931,2.00000000,9.95000000,sell,2022-05-15 04:53:13.299360+00:00
2022-05-15T04:49:49.45316Z,119930,2.00000000,2.50000000,sell,2022-05-15 04:49:49.453160+00:00
2022-05-15T04:48:35.715497Z,119929,2.00000000,2.21000000,sell,2022-05-15 04:48:35.715497+00:00
2022-05-15T04:47:41.902687Z,119928,2.00000000,0.52000000,sell,2022-05-15 04:47:41.902687+00:00
2022-05-15T04:47:41.374049Z,119927,2.00000000,7.34000000,sell,2022-05-15 04:47:41.374049+00:00
2022-05-15T04:45:23.536571Z,119926,1.98000000,0.22000000,buy,2022-05-15 04:45:23.536571+00:00
2022-05-15T04:41:29.197797Z,119925,1.99000000,0.10000000,sell,2022-05-15 04:41:29.197797+00:00
2022-05-15T04:33:03.135258Z,119924,2.00000000,0.14000000,sell,2022-05-15 04:33:03.135258+00:00
2022-05-15T04:32:20.011034Z,119923,2.00000000,0.10000000,sell,2022-05-15 04:32:20.011034+00:00
2022-05-15T04:31:59.299714Z,119922,2.00000000,0.46000000,sell,2022-05-15 04:31:59.299714+00:00
2022-05-15T04:24:53.960863Z,119921,2.00000000,1.75000000,sell,2022-05-15 04:24:53.960863+00:00
2022-05-15T04:22:10.043563Z,119920,1.98000000,31.04000000,buy,2022-05-15 04:22:10.043563+00:00
2022-05-15T04:18:18.55259Z,119919,1.98000000,0.53000000,sell,2022-05-15 04:18:18.552590+00:00
2022-05-15T04:08:31.103407Z,119918,1.95000000,0.10000000,buy,2022-05-15 04:08:31.103407+00:00
2022-05-15T04:04:22.690845Z,119917,1.96000000,2.60000000,sell,2022-05-15 04:04:22.690845+00:00
2022-05-15T03:55:38.823383Z,119916,1.96000000,0.10000000,buy,2022-05-15 03:55:38.823383+00:00
2022-05-15T03:55:35.491597Z,119915,1.98000000,1.24000000,sell,2022-05-15 03:55:35.491597+00:00
2022-05-15T03:53:37.980537Z,119914,1.96000000,0.22000000,buy,2022-05-15 03:53:37.980537+00:00
2022-05-15T03:52:52.010748Z,119913,1.96000000,0.25000000,buy,2022-05-15 03:52:52.010748+00:00
2022-05-15T03:52:23.388585Z,119912,1.98000000,12.00000000,buy,2022-05-15 03:52:23.388585+00:00
2022-05-15T03:51:37.280223Z,119911,1.98000000,24.76000000,sell,2022-05-15 03:51:37.280223+00:00
2022-05-15T03:50:46.068949Z,119910,1.98000000,20.00000000,buy,2022-05-15 03:50:46.068949+00:00
2022-05-15T03:50:35.705198Z,119909,1.98000000,54.21000000,sell,2022-05-15 03:50:35.705198+00:00
2022-05-15T03:50:35.705198Z,119908,1.98000000,20.00000000,sell,2022-05-15 03:50:35.705198+00:00
2022-05-15T03:32:51.353995Z,119907,1.96000000,0.28000000,sell,2022-05-15 03:32:51.353995+00:00
2022-05-15T03:31:16.274792Z,119906,1.96000000,1.26000000,sell,2022-05-15 03:31:16.274792+00:00
2022-05-15T03:31:11.432554Z,119905,1.96000000,0.53000000,sell,2022-05-15 03:31:11.432554+00:00
2022-05-15T03:31:05.065378Z,119904,1.96000000,0.13000000,buy,2022-05-15 03:31:05.065378+00:00
2022-05-15T03:31:05.065378Z,119903,1.96000000,0.69000000,buy,2022-05-15 03:31:05.065378+00:00
2022-05-15T03:31:05.065378Z,119902,1.96000000,20.00000000,buy,2022-05-15 03:31:05.065378+00:00
2022-05-15T03:31:05.065378Z,119901,1.96000000,29.39000000,buy,2022-05-15 03:31:05.065378+00:00
2022-05-15T03:26:23.754981Z,119900,1.97000000,19.01000000,sell,2022-05-15 03:26:23.754981+00:00
2022-05-15T03:26:23.690857Z,119899,1.97000000,10.28000000,sell,2022-05-15 03:26:23.690857+00:00
2022-05-15T03:19:54.238605Z,119898,1.97000000,10.10000000,sell,2022-05-15 03:19:54.238605+00:00
2022-05-15T03:16:39.071751Z,119897,1.97000000,0.54000000,sell,2022-05-15 03:16:39.071751+00:00
2022-05-15T03:16:38.501639Z,119896,1.97000000,43.74000000,sell,2022-05-15 03:16:38.501639+00:00
2022-05-15T03:13:50.096169Z,119895,1.97000000,0.99000000,buy,2022-05-15 03:13:50.096169+00:00
2022-05-15T03:11:00.506007Z,119894,1.98000000,6.40000000,sell,2022-05-15 03:11:00.506007+00:00
2022-05-15T03:10:06.051857Z,119893,1.99000000,85.20000000,buy,2022-05-15 03:10:06.051857+00:00
2022-05-15T03:05:06.23676Z,119892,1.98000000,0.10000000,buy,2022-05-15 03:05:06.236760+00:00
2022-05-15T03:02:10.395602Z,119891,1.99000000,2.50000000,sell,2022-05-15 03:02:10.395602+00:00
2022-05-15T02:59:34.441431Z,119890,1.99000000,15.01000000,sell,2022-05-15 02:59:34.441431+00:00
2022-05-15T02:59:34.441431Z,119889,1.99000000,41.64000000,sell,2022-05-15 02:59:34.441431+00:00
2022-05-15T02:59:34.441431Z,119888,1.99000000,41.86000000,sell,2022-05-15 02:59:34.441431+00:00
2022-05-15T02:54:10.017607Z,119887,1.98000000,4.13000000,sell,2022-05-15 02:54:10.017607+00:00
2022-05-15T02:54:10.017607Z,119886,1.98000000,20.00000000,sell,2022-05-15 02:54:10.017607+00:00
2022-05-15T02:51:32.831805Z,119885,1.99000000,36.19000000,sell,2022-05-15 02:51:32.831805+00:00
2022-05-15T02:49:30.621033Z,119884,1.98000000,0.56000000,sell,2022-05-15 02:49:30.621033+00:00
2022-05-15T02:49:24.841344Z,119883,1.98000000,0.60000000,sell,2022-05-15 02:49:24.841344+00:00
2022-05-15T02:45:33.767862Z,119882,1.97000000,0.02000000,buy,2022-05-15 02:45:33.767862+00:00
2022-05-15T02:45:33.767862Z,119881,1.97000000,0.52000000,buy,2022-05-15 02:45:33.767862+00:00
2022-05-15T02:40:01.956166Z,119880,1.97000000,0.52000000,buy,2022-05-15 02:40:01.956166+00:00
2022-05-15T02:35:14.68269Z,119879,1.99000000,2.44000000,sell,2022-05-15 02:35:14.682690+00:00
2022-05-15T02:34:16.522572Z,119878,1.97000000,0.01000000,sell,2022-05-15 02:34:16.522572+00:00
2022-05-15T02:34:10.142927Z,119877,1.97000000,78.59000000,sell,2022-05-15 02:34:10.142927+00:00
2022-05-15T02:30:39.108343Z,119876,1.99000000,23.39000000,buy,2022-05-15 02:30:39.108343+00:00
2022-05-15T02:30:39.108343Z,119875,1.99000000,12.61000000,buy,2022-05-15 02:30:39.108343+00:00
2022-05-15T02:25:16.609058Z,119874,2.01000000,6.63000000,sell,2022-05-15 02:25:16.609058+00:00
2022-05-15T02:24:39.670292Z,119873,2.01000000,0.52000000,sell,2022-05-15 02:24:39.670292+00:00
2022-05-15T02:19:53.070164Z,119872,1.99000000,0.10000000,buy,2022-05-15 02:19:53.070164+00:00
2022-05-15T02:09:50.101802Z,119871,2.04000000,134.99000000,buy,2022-05-15 02:09:50.101802+00:00
2022-05-15T02:04:19.011262Z,119870,2.04000000,10.26000000,buy,2022-05-15 02:04:19.011262+00:00
2022-05-15T02:04:19.011262Z,119869,2.05000000,6.38000000,buy,2022-05-15 02:04:19.011262+00:00
2022-05-15T01:58:00.596392Z,119868,2.06000000,20.00000000,buy,2022-05-15 01:58:00.596392+00:00
2022-05-15T01:52:19.368795Z,119867,2.05000000,0.10000000,sell,2022-05-15 01:52:19.368795+00:00
2022-05-15T01:47:47.111523Z,119866,2.04000000,166.07000000,sell,2022-05-15 01:47:47.111523+00:00
2022-05-15T01:47:05.983496Z,119865,2.04000000,192.87000000,sell,2022-05-15 01:47:05.983496+00:00
2022-05-15T01:44:02.967272Z,119864,2.03000000,103.60000000,sell,2022-05-15 01:44:02.967272+00:00
2022-05-15T01:44:02.967272Z,119863,2.03000000,20.00000000,sell,2022-05-15 01:44:02.967272+00:00
2022-05-15T01:44:02.967272Z,119862,2.03000000,0.91000000,sell,2022-05-15 01:44:02.967272+00:00
2022-05-15T01:44:02.967272Z,119861,2.03000000,0.11000000,sell,2022-05-15 01:44:02.967272+00:00
2022-05-15T01:41:20.294528Z,119860,2.02000000,53.97000000,buy,2022-05-15 01:41:20.294528+00:00
2022-05-15T01:41:20.294528Z,119859,2.02000000,77.56000000,buy,2022-05-15 01:41:20.294528+00:00
2022-05-15T01:41:20.294528Z,119858,2.03000000,8.00000000,buy,2022-05-15 01:41:20.294528+00:00
2022-05-15T01:41:20.294528Z,119857,2.03000000,10.47000000,buy,2022-05-15 01:41:20.294528+00:00
2022-05-15T01:41:20.294528Z,119856,2.03000000,23.65000000,buy,2022-05-15 01:41:20.294528+00:00
2022-05-15T01:40:15.250454Z,119855,2.04000000,0.10000000,sell,2022-05-15 01:40:15.250454+00:00
2022-05-15T01:18:31.265227Z,119854,2.06000000,3.20000000,buy,2022-05-15 01:18:31.265227+00:00
2022-05-15T01:18:31.265227Z,119853,2.06000000,20.00000000,buy,2022-05-15 01:18:31.265227+00:00
2022-05-15T01:18:31.265227Z,119852,2.06000000,8.67000000,buy,2022-05-15 01:18:31.265227+00:00
2022-05-15T01:18:31.265227Z,119851,2.07000000,12.40000000,buy,2022-05-15 01:18:31.265227+00:00
2022-05-15T01:01:37.189447Z,119850,2.08000000,0.10000000,sell,2022-05-15 01:01:37.189447+00:00
2022-05-15T01:01:11.133549Z,119849,2.08000000,3.11000000,sell,2022-05-15 01:01:11.133549+00:00
2022-05-15T00:51:10.270699Z,119848,2.13000000,15.64000000,sell,2022-05-15 00:51:10.270699+00:00
2022-05-15T00:49:45.079169Z,119847,2.09000000,2.00000000,buy,2022-05-15 00:49:45.079169+00:00
2022-05-15T00:49:45.008417Z,119846,2.09000000,20.00000000,buy,2022-05-15 00:49:45.008417+00:00
2022-05-15T00:49:44.744618Z,119845,2.08000000,7.82000000,buy,2022-05-15 00:49:44.744618+00:00
2022-05-15T00:49:44.744618Z,119844,2.09000000,7.18000000,buy,2022-05-15 00:49:44.744618+00:00
2022-05-15T00:36:59.028217Z,119843,2.10000000,0.34000000,sell,2022-05-15 00:36:59.028217+00:00
2022-05-15T00:35:12.333707Z,119842,2.11000000,4.40000000,sell,2022-05-15 00:35:12.333707+00:00
2022-05-15T00:34:21.980219Z,119841,2.11000000,0.10000000,buy,2022-05-15 00:34:21.980219+00:00
2022-05-15T00:27:46.473722Z,119840,2.12000000,13.36000000,sell,2022-05-15 00:27:46.473722+00:00
2022-05-15T00:27:46.473722Z,119839,2.12000000,20.00000000,sell,2022-05-15 00:27:46.473722+00:00
2022-05-15T00:25:52.299599Z,119838,2.11000000,6.47000000,buy,2022-05-15 00:25:52.299599+00:00
2022-05-15T00:25:09.362669Z,119837,2.11000000,20.00000000,sell,2022-05-15 00:25:09.362669+00:00
2022-05-15T00:24:20.954314Z,119836,2.11000000,0.10000000,sell,2022-05-15 00:24:20.954314+00:00
2022-05-15T00:09:22.871651Z,119835,2.08000000,2.75000000,buy,2022-05-15 00:09:22.871651+00:00
2022-05-15T00:06:22.877112Z,119834,2.10000000,0.40000000,buy,2022-05-15 00:06:22.877112+00:00
2022-05-15T00:03:07.820056Z,119833,2.11000000,0.21000000,sell,2022-05-15 00:03:07.820056+00:00
2022-05-15T00:02:43.086727Z,119832,2.10000000,0.10000000,buy,2022-05-15 00:02:43.086727+00:00
2022-05-14T23:59:58.259804Z,119831,2.11000000,0.11000000,sell,2022-05-14 23:59:58.259804+00:00
2022-05-14T23:57:59.740927Z,119830,2.12000000,1.25000000,sell,2022-05-14 23:57:59.740927+00:00
2022-05-14T23:57:20.23225Z,119829,2.12000000,0.37000000,sell,2022-05-14 23:57:20.232250+00:00
2022-05-14T23:57:20.23225Z,119828,2.12000000,1.17000000,sell,2022-05-14 23:57:20.232250+00:00
2022-05-14T23:56:13.215033Z,119827,2.11000000,0.10000000,buy,2022-05-14 23:56:13.215033+00:00
2022-05-14T23:44:31.383579Z,119826,2.12000000,0.10000000,sell,2022-05-14 23:44:31.383579+00:00
2022-05-14T23:36:41.379648Z,119825,2.11000000,38.14000000,buy,2022-05-14 23:36:41.379648+00:00
2022-05-14T23:33:10.946325Z,119824,2.10000000,0.10000000,buy,2022-05-14 23:33:10.946325+00:00
2022-05-14T23:32:53.694698Z,119823,2.11000000,335.78000000,buy,2022-05-14 23:32:53.694698+00:00
2022-05-14T23:32:53.694698Z,119822,2.11000000,308.35000000,buy,2022-05-14 23:32:53.694698+00:00
2022-05-14T23:32:53.694698Z,119821,2.11000000,317.73000000,buy,2022-05-14 23:32:53.694698+00:00
2022-05-14T23:15:26.187658Z,119820,2.13000000,0.98000000,sell,2022-05-14 23:15:26.187658+00:00
2022-05-14T23:08:27.845995Z,119819,2.08000000,15.00000000,buy,2022-05-14 23:08:27.845995+00:00
2022-05-14T23:06:52.662619Z,119818,2.09000000,20.50000000,buy,2022-05-14 23:06:52.662619+00:00
2022-05-14T23:06:52.662619Z,119817,2.09000000,20.00000000,buy,2022-05-14 23:06:52.662619+00:00
2022-05-14T23:06:52.662619Z,119816,2.09000000,3.50000000,buy,2022-05-14 23:06:52.662619+00:00
2022-05-14T23:06:06.401583Z,119815,2.09000000,1.27000000,sell,2022-05-14 23:06:06.401583+00:00
2022-05-14T23:05:58.363461Z,119814,2.09000000,81.05000000,sell,2022-05-14 23:05:58.363461+00:00
2022-05-14T23:05:58.363461Z,119813,2.09000000,86.90000000,sell,2022-05-14 23:05:58.363461+00:00
2022-05-14T23:05:58.363461Z,119812,2.09000000,20.00000000,sell,2022-05-14 23:05:58.363461+00:00
2022-05-14T23:05:25.565979Z,119811,2.08000000,0.10000000,buy,2022-05-14 23:05:25.565979+00:00
2022-05-14T23:04:04.422919Z,119810,2.09000000,0.20000000,buy,2022-05-14 23:04:04.422919+00:00
2022-05-14T23:03:00.147398Z,119809,2.09000000,0.10000000,buy,2022-05-14 23:03:00.147398+00:00
2022-05-14T23:02:16.778221Z,119808,2.10000000,0.10000000,sell,2022-05-14 23:02:16.778221+00:00
2022-05-14T23:02:15.424315Z,119807,2.09000000,0.20000000,buy,2022-05-14 23:02:15.424315+00:00
2022-05-14T23:02:15.404514Z,119806,2.09000000,21.00000000,buy,2022-05-14 23:02:15.404514+00:00
2022-05-14T23:02:10.725331Z,119805,2.09000000,17.00000000,buy,2022-05-14 23:02:10.725331+00:00
2022-05-14T23:02:10.307961Z,119804,2.09000000,0.30000000,buy,2022-05-14 23:02:10.307961+00:00
2022-05-14T23:01:54.418284Z,119803,2.09000000,0.30000000,buy,2022-05-14 23:01:54.418284+00:00
2022-05-14T23:01:45.708042Z,119802,2.09000000,0.20000000,buy,2022-05-14 23:01:45.708042+00:00
2022-05-14T22:59:44.2515Z,119801,2.09000000,0.20000000,buy,2022-05-14 22:59:44.251500+00:00
2022-05-14T22:54:56.685941Z,119800,2.09000000,1.25000000,buy,2022-05-14 22:54:56.685941+00:00
2022-05-14T22:54:38.621529Z,119799,2.09000000,57.00000000,buy,2022-05-14 22:54:38.621529+00:00
2022-05-14T22:54:37.53373Z,119798,2.09000000,112.00000000,buy,2022-05-14 22:54:37.533730+00:00
2022-05-14T22:36:41.7726Z,119797,2.06000000,0.31000000,buy,2022-05-14 22:36:41.772600+00:00
2022-05-14T22:27:36.312589Z,119796,2.05000000,2.35000000,buy,2022-05-14 22:27:36.312589+00:00
2022-05-14T22:26:09.169876Z,119795,2.06000000,1.25000000,sell,2022-05-14 22:26:09.169876+00:00
2022-05-14T22:25:40.271309Z,119794,2.06000000,0.10000000,sell,2022-05-14 22:25:40.271309+00:00
2022-05-14T22:18:09.467035Z,119793,2.06000000,8.38000000,buy,2022-05-14 22:18:09.467035+00:00
2022-05-14T22:16:15.843492Z,119792,2.06000000,246.41000000,buy,2022-05-14 22:16:15.843492+00:00
2022-05-14T22:16:15.843492Z,119791,2.07000000,117.11000000,buy,2022-05-14 22:16:15.843492+00:00
2022-05-14T22:16:15.843492Z,119790,2.08000000,4.00000000,buy,2022-05-14 22:16:15.843492+00:00
2022-05-14T22:16:15.843492Z,119789,2.08000000,7.80000000,buy,2022-05-14 22:16:15.843492+00:00
2022-05-14T22:15:00.068812Z,119788,2.08000000,17.00000000,buy,2022-05-14 22:15:00.068812+00:00
2022-05-14T22:14:40.004097Z,119787,2.09000000,1.31000000,sell,2022-05-14 22:14:40.004097+00:00
2022-05-14T22:14:40.004097Z,119786,2.09000000,17.83000000,sell,2022-05-14 22:14:40.004097+00:00
2022-05-14T22:14:39.523491Z,119785,2.09000000,13.30000000,sell,2022-05-14 22:14:39.523491+00:00
2022-05-14T22:14:38.739605Z,119784,2.09000000,303.64000000,sell,2022-05-14 22:14:38.739605+00:00
2022-05-14T22:14:38.739605Z,119783,2.08000000,14.46000000,sell,2022-05-14 22:14:38.739605+00:00
2022-05-14T22:14:38.739605Z,119782,2.07000000,19.71000000,sell,2022-05-14 22:14:38.739605+00:00
2022-05-14T22:14:38.739605Z,119781,2.06000000,20.00000000,sell,2022-05-14 22:14:38.739605+00:00
2022-05-14T22:14:38.739605Z,119780,2.04000000,11.43000000,sell,2022-05-14 22:14:38.739605+00:00
2022-05-14T22:14:38.739605Z,119779,2.04000000,14.62000000,sell,2022-05-14 22:14:38.739605+00:00
2022-05-14T22:07:17.951762Z,119778,2.04000000,14.96000000,sell,2022-05-14 22:07:17.951762+00:00
2022-05-14T22:07:17.951762Z,119777,2.04000000,15.38000000,sell,2022-05-14 22:07:17.951762+00:00
2022-05-14T22:07:17.951762Z,119776,2.03000000,44.00000000,sell,2022-05-14 22:07:17.951762+00:00
2022-05-14T22:05:33.515208Z,119775,2.03000000,1.93000000,sell,2022-05-14 22:05:33.515208+00:00
2022-05-14T22:01:24.519397Z,119774,2.03000000,8.64000000,buy,2022-05-14 22:01:24.519397+00:00
2022-05-14T21:55:48.54545Z,119773,2.02000000,0.10000000,buy,2022-05-14 21:55:48.545450+00:00
2022-05-14T21:47:05.177666Z,119772,2.02000000,1.29000000,buy,2022-05-14 21:47:05.177666+00:00
2022-05-14T21:46:46.855341Z,119771,2.03000000,19.99000000,buy,2022-05-14 21:46:46.855341+00:00
2022-05-14T21:46:46.855341Z,119770,2.03000000,19.71000000,buy,2022-05-14 21:46:46.855341+00:00
2022-05-14T21:45:08.018785Z,119769,2.00000000,7.99000000,sell,2022-05-14 21:45:08.018785+00:00
2022-05-14T21:44:58.695195Z,119768,2.00000000,15.00000000,sell,2022-05-14 21:44:58.695195+00:00
2022-05-14T21:44:11.345321Z,119767,2.00000000,22.00000000,sell,2022-05-14 21:44:11.345321+00:00
2022-05-14T21:44:10.998815Z,119766,1.99000000,38.00000000,sell,2022-05-14 21:44:10.998815+00:00
2022-05-14T21:42:40.960712Z,119765,1.99000000,20.00000000,sell,2022-05-14 21:42:40.960712+00:00
2022-05-14T21:42:34.35483Z,119764,1.99000000,38.00000000,sell,2022-05-14 21:42:34.354830+00:00
2022-05-14T21:42:32.265249Z,119763,1.99000000,84.00000000,sell,2022-05-14 21:42:32.265249+00:00
2022-05-14T21:42:28.036366Z,119762,1.99000000,25.00000000,sell,2022-05-14 21:42:28.036366+00:00
2022-05-14T21:42:03.54031Z,119761,1.99000000,4.17000000,sell,2022-05-14 21:42:03.540310+00:00
2022-05-14T21:34:40.76043Z,119760,1.97000000,94.00000000,buy,2022-05-14 21:34:40.760430+00:00
2022-05-14T21:34:40.76043Z,119759,1.97000000,4.00000000,buy,2022-05-14 21:34:40.760430+00:00
2022-05-14T21:29:21.143836Z,119758,1.95000000,14.62000000,buy,2022-05-14 21:29:21.143836+00:00
2022-05-14T21:29:21.143836Z,119757,1.95000000,0.24000000,buy,2022-05-14 21:29:21.143836+00:00
2022-05-14T21:29:21.143836Z,119756,1.95000000,0.14000000,buy,2022-05-14 21:29:21.143836+00:00
2022-05-14T21:28:15.891134Z,119755,1.96000000,12.85000000,buy,2022-05-14 21:28:15.891134+00:00
2022-05-14T21:28:15.891134Z,119754,1.96000000,5.15000000,buy,2022-05-14 21:28:15.891134+00:00
2022-05-14T21:23:42.81823Z,119753,1.96000000,1.06000000,sell,2022-05-14 21:23:42.818230+00:00
2022-05-14T21:11:09.524401Z,119752,1.95000000,0.10000000,sell,2022-05-14 21:11:09.524401+00:00
2022-05-14T21:08:34.371656Z,119751,1.95000000,9.45000000,sell,2022-05-14 21:08:34.371656+00:00
2022-05-14T21:06:31.949865Z,119750,1.94000000,10.09000000,sell,2022-05-14 21:06:31.949865+00:00
2022-05-14T21:00:35.689287Z,119749,1.93000000,9.85000000,buy,2022-05-14 21:00:35.689287+00:00
2022-05-14T20:59:41.766456Z,119748,1.92000000,5.02000000,buy,2022-05-14 20:59:41.766456+00:00
2022-05-14T20:59:41.766456Z,119747,1.93000000,12.00000000,buy,2022-05-14 20:59:41.766456+00:00
2022-05-14T20:57:51.326158Z,119746,1.95000000,7.18000000,sell,2022-05-14 20:57:51.326158+00:00
2022-05-14T20:53:02.494147Z,119745,1.94000000,10.00000000,sell,2022-05-14 20:53:02.494147+00:00
2022-05-14T20:47:48.773065Z,119744,1.92000000,0.10000000,buy,2022-05-14 20:47:48.773065+00:00
2022-05-14T20:39:30.25497Z,119743,1.95000000,7.10000000,buy,2022-05-14 20:39:30.254970+00:00
2022-05-14T20:39:30.25497Z,119742,1.95000000,13.90000000,buy,2022-05-14 20:39:30.254970+00:00
2022-05-14T20:39:30.139315Z,119741,1.95000000,15.00000000,buy,2022-05-14 20:39:30.139315+00:00
2022-05-14T20:39:29.818109Z,119740,1.95000000,20.16000000,buy,2022-05-14 20:39:29.818109+00:00
2022-05-14T20:39:29.818109Z,119739,1.97000000,0.36000000,buy,2022-05-14 20:39:29.818109+00:00
2022-05-14T20:39:29.818109Z,119738,1.97000000,0.15000000,buy,2022-05-14 20:39:29.818109+00:00
2022-05-14T20:39:29.818109Z,119737,1.97000000,0.33000000,buy,2022-05-14 20:39:29.818109+00:00
2022-05-14T20:38:35.029668Z,119736,1.98000000,3.07000000,sell,2022-05-14 20:38:35.029668+00:00
2022-05-14T20:34:02.097909Z,119735,1.98000000,1.29000000,sell,2022-05-14 20:34:02.097909+00:00
2022-05-14T20:33:28.973702Z,119734,1.99000000,4.76000000,sell,2022-05-14 20:33:28.973702+00:00
2022-05-14T20:33:28.973702Z,119733,1.98000000,20.00000000,sell,2022-05-14 20:33:28.973702+00:00
2022-05-14T20:30:28.804921Z,119732,1.97000000,0.10000000,buy,2022-05-14 20:30:28.804921+00:00
2022-05-14T20:29:43.643391Z,119731,1.99000000,2.46000000,sell,2022-05-14 20:29:43.643391+00:00
2022-05-14T20:29:33.452058Z,119730,1.99000000,0.49000000,sell,2022-05-14 20:29:33.452058+00:00
2022-05-14T20:19:27.470695Z,119729,1.98000000,4.53000000,sell,2022-05-14 20:19:27.470695+00:00
2022-05-14T20:18:28.324062Z,119728,1.97000000,0.49000000,buy,2022-05-14 20:18:28.324062+00:00
2022-05-14T20:05:43.740589Z,119727,1.96000000,34.46000000,buy,2022-05-14 20:05:43.740589+00:00
2022-05-14T20:02:05.461765Z,119726,1.93000000,0.10000000,buy,2022-05-14 20:02:05.461765+00:00
2022-05-14T19:50:06.548862Z,119725,1.92000000,7.08000000,buy,2022-05-14 19:50:06.548862+00:00
2022-05-14T19:44:43.241719Z,119724,1.92000000,68.82000000,buy,2022-05-14 19:44:43.241719+00:00
2022-05-14T19:44:43.241719Z,119723,1.92000000,0.18000000,buy,2022-05-14 19:44:43.241719+00:00
2022-05-14T19:40:59.502564Z,119722,1.92000000,16.00000000,buy,2022-05-14 19:40:59.502564+00:00
2022-05-14T19:40:59.502564Z,119721,1.92000000,8.00000000,buy,2022-05-14 19:40:59.502564+00:00
2022-05-14T19:40:23.973604Z,119720,1.93000000,7.08000000,sell,2022-05-14 19:40:23.973604+00:00
2022-05-14T19:39:24.01427Z,119719,1.91000000,24.00000000,buy,2022-05-14 19:39:24.014270+00:00
2022-05-14T19:38:55.720483Z,119718,1.92000000,28.00000000,buy,2022-05-14 19:38:55.720483+00:00
2022-05-14T19:36:49.711023Z,119717,1.94000000,27.00000000,buy,2022-05-14 19:36:49.711023+00:00
2022-05-14T19:35:50.44652Z,119716,1.93000000,22.00000000,buy,2022-05-14 19:35:50.446520+00:00
2022-05-14T19:35:39.709068Z,119715,1.93000000,20.00000000,buy,2022-05-14 19:35:39.709068+00:00
2022-05-14T19:33:18.558878Z,119714,1.93000000,30.00000000,buy,2022-05-14 19:33:18.558878+00:00
2022-05-14T19:33:18.028527Z,119713,1.94000000,73.00000000,buy,2022-05-14 19:33:18.028527+00:00
2022-05-14T19:30:29.825595Z,119712,1.94000000,25.00000000,buy,2022-05-14 19:30:29.825595+00:00
2022-05-14T19:27:23.353054Z,119711,1.93000000,23.07000000,buy,2022-05-14 19:27:23.353054+00:00
2022-05-14T19:27:23.353054Z,119710,1.93000000,7.93000000,buy,2022-05-14 19:27:23.353054+00:00
2022-05-14T19:26:45.841797Z,119709,1.93000000,16.95000000,buy,2022-05-14 19:26:45.841797+00:00
2022-05-14T19:26:45.214021Z,119708,1.94000000,96.81000000,buy,2022-05-14 19:26:45.214021+00:00
2022-05-14T19:26:45.005632Z,119707,1.94000000,98.00000000,buy,2022-05-14 19:26:45.005632+00:00
2022-05-14T19:26:44.784215Z,119706,1.94000000,99.00000000,buy,2022-05-14 19:26:44.784215+00:00
2022-05-14T19:26:44.784215Z,119705,1.95000000,4.00000000,buy,2022-05-14 19:26:44.784215+00:00
2022-05-14T19:26:40.265309Z,119704,1.95000000,67.00000000,buy,2022-05-14 19:26:40.265309+00:00
2022-05-14T19:26:40.003352Z,119703,1.95000000,329.00000000,buy,2022-05-14 19:26:40.003352+00:00
2022-05-14T19:26:40.003352Z,119702,1.96000000,1.00000000,buy,2022-05-14 19:26:40.003352+00:00
2022-05-14T19:26:40.003352Z,119701,1.96000000,20.00000000,buy,2022-05-14 19:26:40.003352+00:00
2022-05-14T19:17:31.645144Z,119700,1.96000000,0.10000000,buy,2022-05-14 19:17:31.645144+00:00
2022-05-14T19:06:21.620956Z,119699,1.97000000,68.00000000,sell,2022-05-14 19:06:21.620956+00:00
2022-05-14T19:06:21.620956Z,119698,1.97000000,62.00000000,sell,2022-05-14 19:06:21.620956+00:00
2022-05-14T19:06:21.620956Z,119697,1.97000000,20.00000000,sell,2022-05-14 19:06:21.620956+00:00
2022-05-14T18:54:17.567983Z,119696,1.96000000,1.01000000,buy,2022-05-14 18:54:17.567983+00:00
2022-05-14T18:47:46.63118Z,119695,1.98000000,26.00000000,buy,2022-05-14 18:47:46.631180+00:00
2022-05-14T18:47:39.357283Z,119694,1.98000000,72.00000000,buy,2022-05-14 18:47:39.357283+00:00
2022-05-14T18:47:39.357283Z,119693,1.98000000,8.00000000,buy,2022-05-14 18:47:39.357283+00:00
2022-05-14T18:41:47.458695Z,119692,1.98000000,0.10000000,buy,2022-05-14 18:41:47.458695+00:00
2022-05-14T18:40:09.717383Z,119691,1.99000000,17.23000000,sell,2022-05-14 18:40:09.717383+00:00
2022-05-14T18:39:40.764422Z,119690,1.98000000,1.52000000,buy,2022-05-14 18:39:40.764422+00:00
2022-05-14T18:36:43.537456Z,119689,1.99000000,3.50000000,sell,2022-05-14 18:36:43.537456+00:00
2022-05-14T18:35:20.80565Z,119688,1.98000000,0.82000000,buy,2022-05-14 18:35:20.805650+00:00
2022-05-14T18:17:40.493533Z,119687,1.99000000,0.10000000,sell,2022-05-14 18:17:40.493533+00:00
2022-05-14T18:15:33.946526Z,119686,1.99000000,20.11000000,sell,2022-05-14 18:15:33.946526+00:00
2022-05-14T18:14:46.945922Z,119685,1.98000000,1.03000000,buy,2022-05-14 18:14:46.945922+00:00
2022-05-14T18:14:46.181494Z,119684,1.97000000,60.68000000,sell,2022-05-14 18:14:46.181494+00:00
2022-05-14T18:14:03.322924Z,119683,1.97000000,53.00000000,sell,2022-05-14 18:14:03.322924+00:00
2022-05-14T18:13:59.745439Z,119682,1.97000000,53.00000000,sell,2022-05-14 18:13:59.745439+00:00
2022-05-14T18:13:53.375179Z,119681,1.96000000,6.39000000,buy,2022-05-14 18:13:53.375179+00:00
2022-05-14T18:09:37.198828Z,119680,1.97000000,4.05000000,sell,2022-05-14 18:09:37.198828+00:00
2022-05-14T18:07:14.654755Z,119679,1.97000000,10.00000000,sell,2022-05-14 18:07:14.654755+00:00
2022-05-14T17:54:31.67405Z,119678,1.97000000,1.04000000,sell,2022-05-14 17:54:31.674050+00:00
2022-05-14T17:49:47.641288Z,119677,1.96000000,1.00000000,sell,2022-05-14 17:49:47.641288+00:00
2022-05-14T17:48:14.538463Z,119676,1.96000000,0.10000000,buy,2022-05-14 17:48:14.538463+00:00
2022-05-14T17:46:31.326182Z,119675,1.95000000,3.63000000,buy,2022-05-14 17:46:31.326182+00:00
2022-05-14T17:46:05.523464Z,119674,1.95000000,0.17000000,buy,2022-05-14 17:46:05.523464+00:00
2022-05-14T17:43:52.145671Z,119673,1.93000000,0.10000000,buy,2022-05-14 17:43:52.145671+00:00
2022-05-14T17:33:17.214757Z,119672,1.93000000,0.11000000,buy,2022-05-14 17:33:17.214757+00:00
2022-05-14T17:25:31.393794Z,119671,1.96000000,1.06000000,sell,2022-05-14 17:25:31.393794+00:00
2022-05-14T17:23:18.760896Z,119670,1.97000000,13.44000000,sell,2022-05-14 17:23:18.760896+00:00
2022-05-14T17:23:05.905822Z,119669,1.96000000,2.76000000,buy,2022-05-14 17:23:05.905822+00:00
2022-05-14T17:17:34.925852Z,119668,1.96000000,29.25000000,sell,2022-05-14 17:17:34.925852+00:00
2022-05-14T17:17:34.925852Z,119667,1.96000000,20.00000000,sell,2022-05-14 17:17:34.925852+00:00
2022-05-14T17:09:27.178013Z,119666,1.96000000,0.10000000,sell,2022-05-14 17:09:27.178013+00:00
2022-05-14T17:07:31.982935Z,119665,1.92000000,6.98000000,buy,2022-05-14 17:07:31.982935+00:00
2022-05-14T16:59:48.189654Z,119664,1.90000000,90.56000000,buy,2022-05-14 16:59:48.189654+00:00
2022-05-14T16:59:48.189654Z,119663,1.91000000,20.00000000,buy,2022-05-14 16:59:48.189654+00:00
2022-05-14T16:58:35.365594Z,119662,1.92000000,30.81000000,sell,2022-05-14 16:58:35.365594+00:00
2022-05-14T16:58:35.365594Z,119661,1.92000000,20.00000000,sell,2022-05-14 16:58:35.365594+00:00
2022-05-14T16:56:29.084383Z,119660,1.90000000,30.00000000,buy,2022-05-14 16:56:29.084383+00:00
2022-05-14T16:56:24.045444Z,119659,1.89000000,12.69000000,buy,2022-05-14 16:56:24.045444+00:00
2022-05-14T16:56:24.045444Z,119658,1.90000000,96.65000000,buy,2022-05-14 16:56:24.045444+00:00
2022-05-14T16:56:23.816648Z,119657,1.90000000,42.00000000,buy,2022-05-14 16:56:23.816648+00:00
2022-05-14T16:56:23.816648Z,119656,1.91000000,20.00000000,buy,2022-05-14 16:56:23.816648+00:00
2022-05-14T16:56:20.564429Z,119655,1.92000000,7.66000000,buy,2022-05-14 16:56:20.564429+00:00
2022-05-14T16:56:20.54949Z,119654,1.92000000,143.00000000,buy,2022-05-14 16:56:20.549490+00:00
2022-05-14T16:56:20.17775Z,119653,1.92000000,364.39000000,sell,2022-05-14 16:56:20.177750+00:00
2022-05-14T16:56:20.17775Z,119652,1.91000000,332.80000000,sell,2022-05-14 16:56:20.177750+00:00
2022-05-14T16:56:20.17775Z,119651,1.90000000,20.00000000,sell,2022-05-14 16:56:20.177750+00:00
2022-05-14T16:56:11.360923Z,119650,1.91000000,16.88000000,sell,2022-05-14 16:56:11.360923+00:00
2022-05-14T16:55:55.801584Z,119649,1.90000000,4.00000000,buy,2022-05-14 16:55:55.801584+00:00
2022-05-14T16:55:55.801584Z,119648,1.90000000,20.00000000,buy,2022-05-14 16:55:55.801584+00:00
2022-05-14T16:55:22.910801Z,119647,1.91000000,252.00000000,buy,2022-05-14 16:55:22.910801+00:00
2022-05-14T16:55:18.16889Z,119646,1.91000000,264.00000000,buy,2022-05-14 16:55:18.168890+00:00
2022-05-14T16:55:17.902112Z,119645,1.91000000,20.00000000,sell,2022-05-14 16:55:17.902112+00:00
2022-05-14T16:55:17.902112Z,119644,1.90000000,15.81000000,sell,2022-05-14 16:55:17.902112+00:00
2022-05-14T16:48:18.215507Z,119643,1.88000000,0.10000000,buy,2022-05-14 16:48:18.215507+00:00
2022-05-14T16:48:10.144455Z,119642,1.89000000,143.00000000,buy,2022-05-14 16:48:10.144455+00:00
2022-05-14T16:47:16.863638Z,119641,1.88000000,15.00000000,buy,2022-05-14 16:47:16.863638+00:00
2022-05-14T16:47:13.773435Z,119640,1.88000000,46.00000000,buy,2022-05-14 16:47:13.773435+00:00
2022-05-14T16:47:13.070724Z,119639,1.88000000,0.46000000,buy,2022-05-14 16:47:13.070724+00:00
2022-05-14T16:46:44.014389Z,119638,1.87000000,8.19000000,buy,2022-05-14 16:46:44.014389+00:00
2022-05-14T16:46:44.014389Z,119637,1.87000000,15.81000000,buy,2022-05-14 16:46:44.014389+00:00
2022-05-14T16:46:00.608838Z,119636,1.88000000,73.00000000,buy,2022-05-14 16:46:00.608838+00:00
2022-05-14T16:45:54.733676Z,119635,1.88000000,158.00000000,buy,2022-05-14 16:45:54.733676+00:00
2022-05-14T16:45:49.952291Z,119634,1.88000000,67.00000000,buy,2022-05-14 16:45:49.952291+00:00
2022-05-14T16:45:40.177811Z,119633,1.89000000,48.00000000,buy,2022-05-14 16:45:40.177811+00:00
2022-05-14T16:45:36.296755Z,119632,1.88000000,313.00000000,buy,2022-05-14 16:45:36.296755+00:00
2022-05-14T16:45:10.553856Z,119631,1.90000000,34.00000000,buy,2022-05-14 16:45:10.553856+00:00
2022-05-14T16:45:07.339853Z,119630,1.90000000,68.00000000,buy,2022-05-14 16:45:07.339853+00:00
2022-05-14T16:45:07.127468Z,119629,1.90000000,213.00000000,buy,2022-05-14 16:45:07.127468+00:00
2022-05-14T16:45:07.0683Z,119628,1.90000000,29.42000000,buy,2022-05-14 16:45:07.068300+00:00
2022-05-14T16:45:07.0683Z,119627,1.91000000,20.58000000,buy,2022-05-14 16:45:07.068300+00:00
2022-05-14T16:45:06.842725Z,119626,1.91000000,350.00000000,buy,2022-05-14 16:45:06.842725+00:00
2022-05-14T16:45:06.787406Z,119625,1.91000000,40.00000000,buy,2022-05-14 16:45:06.787406+00:00
2022-05-14T16:45:06.787406Z,119624,1.92000000,12.00000000,buy,2022-05-14 16:45:06.787406+00:00
2022-05-14T16:45:06.524887Z,119623,1.92000000,260.50000000,buy,2022-05-14 16:45:06.524887+00:00
2022-05-14T16:45:06.524887Z,119622,1.92000000,69.50000000,buy,2022-05-14 16:45:06.524887+00:00
2022-05-14T16:45:06.524887Z,119621,1.93000000,20.00000000,buy,2022-05-14 16:45:06.524887+00:00
2022-05-14T16:42:31.975007Z,119620,1.92000000,0.52000000,buy,2022-05-14 16:42:31.975007+00:00
2022-05-14T16:38:57.953786Z,119619,1.93000000,6.52000000,buy,2022-05-14 16:38:57.953786+00:00
2022-05-14T16:38:40.644856Z,119618,1.95000000,15.59000000,sell,2022-05-14 16:38:40.644856+00:00
2022-05-14T16:38:30.479605Z,119617,1.96000000,1.68000000,sell,2022-05-14 16:38:30.479605+00:00
2022-05-14T16:38:24.037794Z,119616,1.95000000,300.86000000,sell,2022-05-14 16:38:24.037794+00:00
2022-05-14T16:38:24.037794Z,119615,1.94000000,329.22000000,sell,2022-05-14 16:38:24.037794+00:00
2022-05-14T16:38:17.116126Z,119614,1.93000000,292.46000000,sell,2022-05-14 16:38:17.116126+00:00
2022-05-14T16:38:17.116126Z,119613,1.92000000,403.16000000,sell,2022-05-14 16:38:17.116126+00:00
2022-05-14T16:38:10.287928Z,119612,1.91000000,34.00000000,buy,2022-05-14 16:38:10.287928+00:00
2022-05-14T16:38:10.229767Z,119611,1.91000000,52.00000000,buy,2022-05-14 16:38:10.229767+00:00
2022-05-14T16:38:09.965156Z,119610,1.91000000,347.82000000,sell,2022-05-14 16:38:09.965156+00:00
2022-05-14T16:38:09.965156Z,119609,1.91000000,0.50000000,sell,2022-05-14 16:38:09.965156+00:00
2022-05-14T16:38:09.965156Z,119608,1.91000000,405.60000000,sell,2022-05-14 16:38:09.965156+00:00
2022-05-14T16:37:27.966346Z,119607,1.90000000,49.00000000,buy,2022-05-14 16:37:27.966346+00:00
2022-05-14T16:37:17.170179Z,119606,1.90000000,216.00000000,buy,2022-05-14 16:37:17.170179+00:00
2022-05-14T16:37:17.138903Z,119605,1.90000000,21.00000000,buy,2022-05-14 16:37:17.138903+00:00
2022-05-14T16:37:16.839025Z,119604,1.90000000,370.06000000,sell,2022-05-14 16:37:16.839025+00:00
2022-05-14T16:37:16.839025Z,119603,1.89000000,20.00000000,sell,2022-05-14 16:37:16.839025+00:00
2022-05-14T16:37:16.839025Z,119602,1.89000000,300.17000000,sell,2022-05-14 16:37:16.839025+00:00
2022-05-14T16:37:16.839025Z,119601,1.89000000,338.67000000,sell,2022-05-14 16:37:16.839025+00:00
2022-05-14T16:37:07.925019Z,119600,1.88000000,20.00000000,sell,2022-05-14 16:37:07.925019+00:00
2022-05-14T16:37:07.925019Z,119599,1.88000000,97.00000000,sell,2022-05-14 16:37:07.925019+00:00
2022-05-14T16:37:07.925019Z,119598,1.88000000,29.00000000,sell,2022-05-14 16:37:07.925019+00:00
2022-05-14T16:33:18.823952Z,119597,1.86000000,1.04000000,buy,2022-05-14 16:33:18.823952+00:00
2022-05-14T16:22:02.958385Z,119596,1.84000000,0.10000000,buy,2022-05-14 16:22:02.958385+00:00
2022-05-14T16:19:11.287763Z,119595,1.80000000,12.10000000,sell,2022-05-14 16:19:11.287763+00:00
2022-05-14T16:15:45.052316Z,119594,1.80000000,75.00000000,sell,2022-05-14 16:15:45.052316+00:00
2022-05-14T16:15:44.850579Z,119593,1.80000000,75.00000000,sell,2022-05-14 16:15:44.850579+00:00
2022-05-14T16:15:42.535337Z,119592,1.80000000,44.00000000,sell,2022-05-14 16:15:42.535337+00:00
2022-05-14T16:15:41.56591Z,119591,1.80000000,172.00000000,sell,2022-05-14 16:15:41.565910+00:00
2022-05-14T16:04:19.566252Z,119590,1.78000000,26.24000000,buy,2022-05-14 16:04:19.566252+00:00
2022-05-14T16:03:07.521074Z,119589,1.79000000,5.56000000,sell,2022-05-14 16:03:07.521074+00:00
2022-05-14T15:52:08.796566Z,119588,1.77000000,0.10000000,buy,2022-05-14 15:52:08.796566+00:00
2022-05-14T15:51:36.027872Z,119587,1.78000000,2.27000000,buy,2022-05-14 15:51:36.027872+00:00
2022-05-14T15:39:23.662251Z,119586,1.80000000,110.56000000,sell,2022-05-14 15:39:23.662251+00:00
2022-05-14T15:30:31.274718Z,119585,1.82000000,0.53000000,sell,2022-05-14 15:30:31.274718+00:00
2022-05-14T15:22:39.783936Z,119584,1.81000000,34.41000000,buy,2022-05-14 15:22:39.783936+00:00
2022-05-14T15:22:39.783936Z,119583,1.81000000,0.85000000,buy,2022-05-14 15:22:39.783936+00:00
2022-05-14T15:16:50.820781Z,119582,1.81000000,0.10000000,buy,2022-05-14 15:16:50.820781+00:00
2022-05-14T15:08:04.11074Z,119581,1.82000000,1.09000000,sell,2022-05-14 15:08:04.110740+00:00
2022-05-14T14:55:39.430577Z,119580,1.78000000,2.28000000,buy,2022-05-14 14:55:39.430577+00:00
2022-05-14T14:55:39.430577Z,119579,1.78000000,132.00000000,buy,2022-05-14 14:55:39.430577+00:00
2022-05-14T14:55:39.430577Z,119578,1.79000000,20.00000000,buy,2022-05-14 14:55:39.430577+00:00
2022-05-14T14:55:15.912505Z,119577,1.79000000,0.10000000,buy,2022-05-14 14:55:15.912505+00:00
2022-05-14T14:50:16.513153Z,119576,1.80000000,0.62000000,sell,2022-05-14 14:50:16.513153+00:00
2022-05-14T14:49:08.997033Z,119575,1.81000000,0.24000000,sell,2022-05-14 14:49:08.997033+00:00
2022-05-14T14:43:06.256836Z,119574,1.80000000,0.10000000,buy,2022-05-14 14:43:06.256836+00:00
2022-05-14T14:40:42.193391Z,119573,1.81000000,53.55000000,sell,2022-05-14 14:40:42.193391+00:00
2022-05-14T14:40:42.193391Z,119572,1.81000000,20.00000000,sell,2022-05-14 14:40:42.193391+00:00
2022-05-14T14:27:41.625141Z,119571,1.81000000,0.40000000,sell,2022-05-14 14:27:41.625141+00:00
2022-05-14T14:27:28.966602Z,119570,1.81000000,0.10000000,sell,2022-05-14 14:27:28.966602+00:00
2022-05-14T14:22:23.610116Z,119569,1.78000000,0.43000000,buy,2022-05-14 14:22:23.610116+00:00
2022-05-14T14:21:26.728497Z,119568,1.79000000,0.79000000,sell,2022-05-14 14:21:26.728497+00:00
2022-05-14T14:20:31.917638Z,119567,1.80000000,0.10000000,sell,2022-05-14 14:20:31.917638+00:00
2022-05-14T14:18:20.980006Z,119566,1.78000000,0.34000000,buy,2022-05-14 14:18:20.980006+00:00
2022-05-14T14:16:43.527307Z,119565,1.80000000,0.30000000,sell,2022-05-14 14:16:43.527307+00:00
2022-05-14T14:11:28.39921Z,119564,1.78000000,0.10000000,sell,2022-05-14 14:11:28.399210+00:00
2022-05-14T14:07:52.152467Z,119563,1.77000000,1.12000000,sell,2022-05-14 14:07:52.152467+00:00
2022-05-14T14:00:05.461073Z,119562,1.78000000,42.00000000,buy,2022-05-14 14:00:05.461073+00:00
2022-05-14T14:00:05.461073Z,119561,1.79000000,8.00000000,buy,2022-05-14 14:00:05.461073+00:00
2022-05-14T13:57:10.300638Z,119560,1.80000000,10.23000000,sell,2022-05-14 13:57:10.300638+00:00
2022-05-14T13:56:53.867123Z,119559,1.80000000,2.17000000,sell,2022-05-14 13:56:53.867123+00:00
2022-05-14T13:55:57.73727Z,119558,1.79000000,0.10000000,buy,2022-05-14 13:55:57.737270+00:00
2022-05-14T13:39:51.078486Z,119557,1.79000000,0.10000000,buy,2022-05-14 13:39:51.078486+00:00
2022-05-14T13:19:25.858994Z,119556,1.80000000,0.10000000,buy,2022-05-14 13:19:25.858994+00:00
2022-05-14T13:09:08.901666Z,119555,1.82000000,0.10000000,sell,2022-05-14 13:09:08.901666+00:00
2022-05-14T13:05:51.393901Z,119554,1.80000000,95.72000000,buy,2022-05-14 13:05:51.393901+00:00
2022-05-14T13:05:51.393901Z,119553,1.80000000,2.70000000,buy,2022-05-14 13:05:51.393901+00:00
2022-05-14T13:05:51.393901Z,119552,1.80000000,1.03000000,buy,2022-05-14 13:05:51.393901+00:00
2022-05-14T13:05:51.393901Z,119551,1.81000000,292.85000000,buy,2022-05-14 13:05:51.393901+00:00
2022-05-14T13:05:51.393901Z,119550,1.81000000,248.84000000,buy,2022-05-14 13:05:51.393901+00:00
2022-05-14T13:05:51.393901Z,119549,1.81000000,226.07000000,buy,2022-05-14 13:05:51.393901+00:00
2022-05-14T13:05:51.393901Z,119548,1.82000000,276.79000000,buy,2022-05-14 13:05:51.393901+00:00
2022-05-14T13:05:51.393901Z,119547,1.82000000,26.00000000,buy,2022-05-14 13:05:51.393901+00:00
2022-05-14T13:05:51.393901Z,119546,1.83000000,20.00000000,buy,2022-05-14 13:05:51.393901+00:00
2022-05-14T13:03:54.197313Z,119545,1.82000000,4.45000000,buy,2022-05-14 13:03:54.197313+00:00
2022-05-14T13:03:54.197313Z,119544,1.82000000,0.55000000,buy,2022-05-14 13:03:54.197313+00:00
2022-05-14T13:02:19.302034Z,119543,1.86000000,6.52000000,sell,2022-05-14 13:02:19.302034+00:00
2022-05-14T12:49:00.656351Z,119542,1.94000000,22.61000000,sell,2022-05-14 12:49:00.656351+00:00
2022-05-14T12:43:34.068593Z,119541,1.85000000,0.60000000,sell,2022-05-14 12:43:34.068593+00:00
2022-05-14T12:43:29.739587Z,119540,1.85000000,0.10000000,sell,2022-05-14 12:43:29.739587+00:00
2022-05-14T12:43:13.334199Z,119539,1.85000000,0.10000000,buy,2022-05-14 12:43:13.334199+00:00
2022-05-14T12:26:03.095684Z,119538,1.85000000,92.89000000,sell,2022-05-14 12:26:03.095684+00:00
2022-05-14T12:22:35.54568Z,119537,1.83000000,0.50000000,buy,2022-05-14 12:22:35.545680+00:00
2022-05-14T12:14:35.786026Z,119536,1.83000000,107.12000000,sell,2022-05-14 12:14:35.786026+00:00
2022-05-14T12:13:33.67724Z,119535,1.83000000,7.18000000,sell,2022-05-14 12:13:33.677240+00:00
2022-05-14T12:13:33.67724Z,119534,1.83000000,20.00000000,sell,2022-05-14 12:13:33.677240+00:00
2022-05-14T12:10:05.450191Z,119533,1.83000000,0.10000000,buy,2022-05-14 12:10:05.450191+00:00
2022-05-14T12:03:29.928497Z,119532,1.83000000,0.29000000,sell,2022-05-14 12:03:29.928497+00:00
2022-05-14T12:02:23.585322Z,119531,1.83000000,10.37000000,sell,2022-05-14 12:02:23.585322+00:00
2022-05-14T12:01:52.376978Z,119530,1.83000000,0.55000000,sell,2022-05-14 12:01:52.376978+00:00
2022-05-14T11:53:46.925431Z,119529,1.82000000,5.48000000,buy,2022-05-14 11:53:46.925431+00:00
2022-05-14T11:45:33.934605Z,119528,1.82000000,0.66000000,sell,2022-05-14 11:45:33.934605+00:00
2022-05-14T11:38:12.937913Z,119527,1.82000000,0.10000000,buy,2022-05-14 11:38:12.937913+00:00
2022-05-14T11:31:52.851671Z,119526,1.80000000,39.97000000,buy,2022-05-14 11:31:52.851671+00:00
2022-05-14T11:31:52.851671Z,119525,1.81000000,0.68000000,buy,2022-05-14 11:31:52.851671+00:00
2022-05-14T11:29:21.939267Z,119524,1.81000000,0.75000000,buy,2022-05-14 11:29:21.939267+00:00
2022-05-14T11:21:34.798004Z,119523,1.84000000,0.54000000,sell,2022-05-14 11:21:34.798004+00:00
2022-05-14T11:15:40.259513Z,119522,1.82000000,5.65000000,buy,2022-05-14 11:15:40.259513+00:00
2022-05-14T11:15:40.259513Z,119521,1.82000000,17.50000000,buy,2022-05-14 11:15:40.259513+00:00
2022-05-14T11:15:40.259513Z,119520,1.83000000,48.20000000,buy,2022-05-14 11:15:40.259513+00:00
2022-05-14T11:15:40.259513Z,119519,1.85000000,36.60000000,buy,2022-05-14 11:15:40.259513+00:00
2022-05-14T11:14:10.889406Z,119518,1.86000000,0.10000000,sell,2022-05-14 11:14:10.889406+00:00
2022-05-14T11:08:01.369905Z,119517,1.96000000,0.50000000,sell,2022-05-14 11:08:01.369905+00:00
2022-05-14T10:53:10.399172Z,119516,1.88000000,14.46000000,sell,2022-05-14 10:53:10.399172+00:00
2022-05-14T10:52:34.083117Z,119515,1.86000000,14.25000000,buy,2022-05-14 10:52:34.083117+00:00
2022-05-14T10:52:33.561908Z,119514,1.88000000,0.10000000,sell,2022-05-14 10:52:33.561908+00:00
2022-05-14T10:44:32.096705Z,119513,1.90000000,0.14000000,sell,2022-05-14 10:44:32.096705+00:00
2022-05-14T10:39:43.01379Z,119512,1.91000000,323.20000000,buy,2022-05-14 10:39:43.013790+00:00
2022-05-14T10:39:43.01379Z,119511,1.91000000,377.43000000,buy,2022-05-14 10:39:43.013790+00:00
2022-05-14T10:39:43.01379Z,119510,1.92000000,16.00000000,buy,2022-05-14 10:39:43.013790+00:00
2022-05-14T10:38:57.095201Z,119509,1.93000000,1.00000000,buy,2022-05-14 10:38:57.095201+00:00
2022-05-14T10:37:40.63311Z,119508,1.93000000,1.22000000,buy,2022-05-14 10:37:40.633110+00:00
2022-05-14T10:37:31.631233Z,119507,1.93000000,0.11000000,buy,2022-05-14 10:37:31.631233+00:00
2022-05-14T10:30:24.758915Z,119506,1.93000000,0.99000000,buy,2022-05-14 10:30:24.758915+00:00
2022-05-14T10:30:12.266542Z,119505,1.93000000,0.11000000,sell,2022-05-14 10:30:12.266542+00:00
2022-05-14T10:24:00.829183Z,119504,1.91000000,1.06000000,buy,2022-05-14 10:24:00.829183+00:00
2022-05-14T10:11:03.271956Z,119503,1.94000000,0.10000000,buy,2022-05-14 10:11:03.271956+00:00
2022-05-14T10:03:01.22752Z,119502,1.94000000,3.98000000,sell,2022-05-14 10:03:01.227520+00:00
2022-05-14T09:59:18.643796Z,119501,1.95000000,5.99000000,buy,2022-05-14 09:59:18.643796+00:00
2022-05-14T09:56:30.737016Z,119500,1.95000000,81.78000000,sell,2022-05-14 09:56:30.737016+00:00
2022-05-14T09:56:30.737016Z,119499,1.93000000,20.00000000,sell,2022-05-14 09:56:30.737016+00:00
2022-05-14T09:56:30.737016Z,119498,1.93000000,52.50000000,sell,2022-05-14 09:56:30.737016+00:00
2022-05-14T09:48:50.422653Z,119497,1.93000000,0.50000000,sell,2022-05-14 09:48:50.422653+00:00
2022-05-14T09:47:22.61739Z,119496,1.92000000,8.16000000,sell,2022-05-14 09:47:22.617390+00:00
2022-05-14T09:42:18.031677Z,119495,1.90000000,20.39000000,buy,2022-05-14 09:42:18.031677+00:00
2022-05-14T09:41:54.114836Z,119494,1.90000000,19.74000000,buy,2022-05-14 09:41:54.114836+00:00
2022-05-14T09:41:54.114836Z,119493,1.91000000,0.44000000,buy,2022-05-14 09:41:54.114836+00:00
2022-05-14T09:40:28.270079Z,119492,1.91000000,25.83000000,buy,2022-05-14 09:40:28.270079+00:00
2022-05-14T09:40:08.570391Z,119491,1.91000000,0.30000000,buy,2022-05-14 09:40:08.570391+00:00
2022-05-14T09:39:54.409684Z,119490,1.91000000,0.62000000,buy,2022-05-14 09:39:54.409684+00:00
2022-05-14T09:39:25.304456Z,119489,1.91000000,0.19000000,buy,2022-05-14 09:39:25.304456+00:00
2022-05-14T09:39:16.957929Z,119488,1.91000000,5.14000000,buy,2022-05-14 09:39:16.957929+00:00
2022-05-14T09:31:30.031966Z,119487,1.92000000,0.10000000,buy,2022-05-14 09:31:30.031966+00:00
2022-05-14T09:31:24.561868Z,119486,1.94000000,0.51000000,sell,2022-05-14 09:31:24.561868+00:00
2022-05-14T09:23:10.234541Z,119485,1.94000000,21.83000000,buy,2022-05-14 09:23:10.234541+00:00
2022-05-14T09:15:51.701865Z,119484,1.98000000,1.05000000,sell,2022-05-14 09:15:51.701865+00:00
2022-05-14T09:06:28.420964Z,119483,1.95000000,257.82000000,sell,2022-05-14 09:06:28.420964+00:00
2022-05-14T09:04:06.195288Z,119482,1.94000000,69.60000000,buy,2022-05-14 09:04:06.195288+00:00
2022-05-14T09:02:38.453255Z,119481,1.95000000,0.13000000,sell,2022-05-14 09:02:38.453255+00:00
2022-05-14T08:47:42.125341Z,119480,1.96000000,0.10000000,buy,2022-05-14 08:47:42.125341+00:00
2022-05-14T08:40:35.477921Z,119479,1.96000000,0.10000000,sell,2022-05-14 08:40:35.477921+00:00
2022-05-14T08:27:00.982974Z,119478,1.93000000,1.82000000,sell,2022-05-14 08:27:00.982974+00:00
2022-05-14T08:17:43.568131Z,119477,1.95000000,9.92000000,sell,2022-05-14 08:17:43.568131+00:00
2022-05-14T08:17:43.568131Z,119476,1.95000000,0.13000000,sell,2022-05-14 08:17:43.568131+00:00
2022-05-14T08:11:19.017567Z,119475,1.95000000,0.10000000,sell,2022-05-14 08:11:19.017567+00:00
2022-05-14T07:34:16.235436Z,119474,1.95000000,1.62000000,sell,2022-05-14 07:34:16.235436+00:00
2022-05-14T07:23:03.350148Z,119473,1.95000000,0.10000000,buy,2022-05-14 07:23:03.350148+00:00
2022-05-14T07:17:09.80003Z,119472,1.96000000,0.27000000,sell,2022-05-14 07:17:09.800030+00:00
2022-05-14T07:14:30.330655Z,119471,1.96000000,3.98000000,buy,2022-05-14 07:14:30.330655+00:00
2022-05-14T06:58:36.787911Z,119470,1.94000000,7.12000000,buy,2022-05-14 06:58:36.787911+00:00
2022-05-14T06:58:36.787911Z,119469,1.95000000,4.00000000,buy,2022-05-14 06:58:36.787911+00:00
2022-05-14T06:56:23.332921Z,119468,1.95000000,0.82000000,sell,2022-05-14 06:56:23.332921+00:00
2022-05-14T06:55:56.607288Z,119467,1.97000000,0.20000000,sell,2022-05-14 06:55:56.607288+00:00
2022-05-14T06:35:14.63893Z,119466,1.94000000,272.80000000,buy,2022-05-14 06:35:14.638930+00:00
2022-05-14T06:35:14.63893Z,119465,1.95000000,70.00000000,buy,2022-05-14 06:35:14.638930+00:00
2022-05-14T06:35:14.63893Z,119464,1.96000000,8.00000000,buy,2022-05-14 06:35:14.638930+00:00
2022-05-14T06:35:14.63893Z,119463,1.96000000,7.00000000,buy,2022-05-14 06:35:14.638930+00:00
2022-05-14T06:35:06.679868Z,119462,2.02000000,0.26000000,sell,2022-05-14 06:35:06.679868+00:00
2022-05-14T06:35:05.054921Z,119461,2.03000000,6.03000000,sell,2022-05-14 06:35:05.054921+00:00
2022-05-14T06:26:37.683902Z,119460,2.03000000,7.23000000,sell,2022-05-14 06:26:37.683902+00:00
2022-05-14T06:15:13.942372Z,119459,1.94000000,5.22000000,buy,2022-05-14 06:15:13.942372+00:00
2022-05-14T06:06:18.080236Z,119458,1.94000000,0.10000000,buy,2022-05-14 06:06:18.080236+00:00
2022-05-14T06:05:30.252799Z,119457,1.94000000,34.49000000,buy,2022-05-14 06:05:30.252799+00:00
2022-05-14T06:05:30.252799Z,119456,1.95000000,20.00000000,buy,2022-05-14 06:05:30.252799+00:00
2022-05-14T06:04:06.658751Z,119455,1.96000000,19.17000000,sell,2022-05-14 06:04:06.658751+00:00
2022-05-14T06:04:06.658751Z,119454,1.96000000,20.00000000,sell,2022-05-14 06:04:06.658751+00:00
2022-05-14T06:03:10.507399Z,119453,1.95000000,0.17000000,buy,2022-05-14 06:03:10.507399+00:00
2022-05-14T06:03:10.507399Z,119452,1.95000000,20.00000000,buy,2022-05-14 06:03:10.507399+00:00
2022-05-14T05:56:15.108657Z,119451,2.03000000,0.41000000,sell,2022-05-14 05:56:15.108657+00:00
2022-05-14T05:14:43.073229Z,119450,1.97000000,65.20000000,sell,2022-05-14 05:14:43.073229+00:00
2022-05-14T05:14:43.073229Z,119449,1.97000000,81.70000000,sell,2022-05-14 05:14:43.073229+00:00
2022-05-14T05:14:43.073229Z,119448,1.96000000,20.00000000,sell,2022-05-14 05:14:43.073229+00:00
2022-05-14T05:14:43.073229Z,119447,1.95000000,3.08000000,sell,2022-05-14 05:14:43.073229+00:00
2022-05-14T05:14:43.073229Z,119446,1.95000000,15.52000000,sell,2022-05-14 05:14:43.073229+00:00
2022-05-14T05:14:43.073229Z,119445,1.95000000,13.59000000,sell,2022-05-14 05:14:43.073229+00:00
2022-05-14T05:12:12.093122Z,119444,1.94000000,0.10000000,sell,2022-05-14 05:12:12.093122+00:00
2022-05-14T05:10:41.838715Z,119443,1.95000000,10.05000000,sell,2022-05-14 05:10:41.838715+00:00
2022-05-14T05:09:52.431454Z,119442,1.95000000,0.50000000,sell,2022-05-14 05:09:52.431454+00:00
2022-05-14T05:09:36.892385Z,119441,1.95000000,5.09000000,sell,2022-05-14 05:09:36.892385+00:00
2022-05-14T05:00:46.795956Z,119440,1.92000000,3.08000000,buy,2022-05-14 05:00:46.795956+00:00
2022-05-14T05:00:46.795956Z,119439,1.93000000,2.70000000,buy,2022-05-14 05:00:46.795956+00:00
2022-05-14T05:00:46.795956Z,119438,1.93000000,28.70000000,buy,2022-05-14 05:00:46.795956+00:00
2022-05-14T05:00:46.795956Z,119437,1.93000000,29.23000000,buy,2022-05-14 05:00:46.795956+00:00
2022-05-14T05:00:46.795956Z,119436,1.93000000,15.52000000,buy,2022-05-14 05:00:46.795956+00:00
2022-05-14T05:00:46.795956Z,119435,1.94000000,296.47000000,buy,2022-05-14 05:00:46.795956+00:00
2022-05-14T05:00:46.795956Z,119434,1.94000000,22.30000000,buy,2022-05-14 05:00:46.795956+00:00
2022-05-14T05:00:46.795956Z,119433,1.95000000,12.00000000,buy,2022-05-14 05:00:46.795956+00:00
2022-05-14T05:00:46.795956Z,119432,1.97000000,28.47000000,buy,2022-05-14 05:00:46.795956+00:00
2022-05-14T05:00:05.191204Z,119431,1.97000000,0.46000000,buy,2022-05-14 05:00:05.191204+00:00
2022-05-14T04:44:28.641239Z,119430,2.01000000,0.10000000,sell,2022-05-14 04:44:28.641239+00:00
2022-05-14T04:15:09.815115Z,119429,2.00000000,12.44000000,sell,2022-05-14 04:15:09.815115+00:00
2022-05-14T04:12:43.63018Z,119428,1.98000000,4.48000000,buy,2022-05-14 04:12:43.630180+00:00
2022-05-14T04:08:13.766613Z,119427,1.98000000,0.83000000,buy,2022-05-14 04:08:13.766613+00:00
2022-05-14T04:05:39.264809Z,119426,1.98000000,0.10000000,buy,2022-05-14 04:05:39.264809+00:00
2022-05-14T04:00:23.070112Z,119425,1.96000000,3.62000000,buy,2022-05-14 04:00:23.070112+00:00
2022-05-14T03:47:27.146346Z,119424,2.01000000,11.43000000,buy,2022-05-14 03:47:27.146346+00:00
2022-05-14T03:47:27.146346Z,119423,2.02000000,12.00000000,buy,2022-05-14 03:47:27.146346+00:00
2022-05-14T03:47:27.146346Z,119422,2.02000000,15.38000000,buy,2022-05-14 03:47:27.146346+00:00
2022-05-14T03:47:27.146346Z,119421,2.02000000,9.91000000,buy,2022-05-14 03:47:27.146346+00:00
2022-05-14T03:45:44.991441Z,119420,2.02000000,19.67000000,buy,2022-05-14 03:45:44.991441+00:00
2022-05-14T03:45:38.317928Z,119419,2.03000000,25.76000000,sell,2022-05-14 03:45:38.317928+00:00
2022-05-14T03:45:37.298893Z,119418,2.05000000,0.17000000,sell,2022-05-14 03:45:37.298893+00:00
2022-05-14T03:45:36.83914Z,119417,2.09000000,0.14000000,buy,2022-05-14 03:45:36.839140+00:00
2022-05-14T03:45:36.83914Z,119416,2.09000000,22.95000000,buy,2022-05-14 03:45:36.839140+00:00
2022-05-14T03:41:21.230934Z,119415,2.10000000,0.44000000,sell,2022-05-14 03:41:21.230934+00:00
2022-05-14T03:37:08.989312Z,119414,2.10000000,30.87000000,buy,2022-05-14 03:37:08.989312+00:00
2022-05-14T03:37:08.989312Z,119413,2.11000000,20.00000000,buy,2022-05-14 03:37:08.989312+00:00
2022-05-14T03:34:51.584035Z,119412,2.20000000,11.80000000,sell,2022-05-14 03:34:51.584035+00:00
2022-05-14T03:34:44.489674Z,119411,2.17000000,9.70000000,sell,2022-05-14 03:34:44.489674+00:00
2022-05-14T03:34:37.29975Z,119410,2.16000000,20.28000000,sell,2022-05-14 03:34:37.299750+00:00
2022-05-14T03:34:36.22481Z,119409,2.11000000,21.26000000,sell,2022-05-14 03:34:36.224810+00:00
2022-05-14T03:17:27.222102Z,119408,2.03000000,0.10000000,sell,2022-05-14 03:17:27.222102+00:00
2022-05-14T03:16:39.515707Z,119407,2.03000000,1.71000000,sell,2022-05-14 03:16:39.515707+00:00
2022-05-14T03:16:38.144471Z,119406,2.04000000,15.58000000,buy,2022-05-14 03:16:38.144471+00:00
2022-05-14T03:01:55.577666Z,119405,2.03000000,5.00000000,buy,2022-05-14 03:01:55.577666+00:00
2022-05-14T02:55:37.185418Z,119404,2.03000000,0.15000000,buy,2022-05-14 02:55:37.185418+00:00
2022-05-14T02:46:45.919584Z,119403,2.04000000,1.97000000,buy,2022-05-14 02:46:45.919584+00:00
2022-05-14T02:38:39.028377Z,119402,2.07000000,48.02000000,sell,2022-05-14 02:38:39.028377+00:00
2022-05-14T02:38:29.580913Z,119401,2.07000000,21.26000000,sell,2022-05-14 02:38:29.580913+00:00
2022-05-14T02:38:28.468723Z,119400,2.07000000,73.67000000,sell,2022-05-14 02:38:28.468723+00:00
2022-05-14T02:38:28.468723Z,119399,2.07000000,21.03000000,sell,2022-05-14 02:38:28.468723+00:00
2022-05-14T02:37:21.885973Z,119398,2.06000000,1.02000000,buy,2022-05-14 02:37:21.885973+00:00
2022-05-14T02:36:10.396368Z,119397,2.06000000,58.18000000,sell,2022-05-14 02:36:10.396368+00:00
2022-05-14T02:36:10.396368Z,119396,2.04000000,20.00000000,sell,2022-05-14 02:36:10.396368+00:00
2022-05-14T02:36:10.396368Z,119395,2.04000000,124.00000000,sell,2022-05-14 02:36:10.396368+00:00
2022-05-14T02:36:10.396368Z,119394,2.04000000,40.89000000,sell,2022-05-14 02:36:10.396368+00:00
2022-05-14T02:34:47.70564Z,119393,2.04000000,2.12000000,sell,2022-05-14 02:34:47.705640+00:00
2022-05-14T02:31:58.910562Z,119392,2.03000000,0.10000000,buy,2022-05-14 02:31:58.910562+00:00
2022-05-14T02:29:30.470891Z,119391,2.03000000,0.12000000,buy,2022-05-14 02:29:30.470891+00:00
2022-05-14T02:27:47.42573Z,119390,2.03000000,2.65000000,buy,2022-05-14 02:27:47.425730+00:00
2022-05-14T02:23:15.885348Z,119389,2.03000000,1.03000000,sell,2022-05-14 02:23:15.885348+00:00
2022-05-14T02:20:23.592438Z,119388,2.01000000,1.56000000,buy,2022-05-14 02:20:23.592438+00:00
2022-05-14T02:14:37.710148Z,119387,2.01000000,1.20000000,buy,2022-05-14 02:14:37.710148+00:00
2022-05-14T02:12:12.271458Z,119386,2.01000000,6.55000000,buy,2022-05-14 02:12:12.271458+00:00
2022-05-14T02:11:24.3792Z,119385,2.01000000,4.88000000,sell,2022-05-14 02:11:24.379200+00:00
2022-05-14T02:08:29.436513Z,119384,1.99000000,39.21000000,buy,2022-05-14 02:08:29.436513+00:00
2022-05-14T02:08:29.436513Z,119383,1.99000000,132.00000000,buy,2022-05-14 02:08:29.436513+00:00
2022-05-14T02:08:29.436513Z,119382,2.02000000,66.80000000,buy,2022-05-14 02:08:29.436513+00:00
2022-05-14T02:08:29.436513Z,119381,2.02000000,8.10000000,buy,2022-05-14 02:08:29.436513+00:00
2022-05-14T02:06:21.003549Z,119380,2.02000000,0.63000000,buy,2022-05-14 02:06:21.003549+00:00
2022-05-14T01:59:00.136488Z,119379,2.06000000,0.10000000,sell,2022-05-14 01:59:00.136488+00:00
2022-05-14T01:50:57.580754Z,119378,2.07000000,0.65000000,sell,2022-05-14 01:50:57.580754+00:00
2022-05-14T01:50:47.213756Z,119377,2.06000000,0.49000000,buy,2022-05-14 01:50:47.213756+00:00
2022-05-14T01:36:07.434438Z,119376,2.06000000,0.10000000,sell,2022-05-14 01:36:07.434438+00:00
2022-05-14T01:33:25.962912Z,119375,2.02000000,4.29000000,buy,2022-05-14 01:33:25.962912+00:00
2022-05-14T01:33:11.64966Z,119374,2.03000000,21.68000000,sell,2022-05-14 01:33:11.649660+00:00
2022-05-14T01:33:08.677615Z,119373,2.03000000,126.47000000,sell,2022-05-14 01:33:08.677615+00:00
2022-05-14T01:33:08.677615Z,119372,2.02000000,30.04000000,sell,2022-05-14 01:33:08.677615+00:00
2022-05-14T01:33:08.677615Z,119371,2.01000000,20.00000000,sell,2022-05-14 01:33:08.677615+00:00
2022-05-14T01:33:08.677615Z,119370,2.01000000,69.60000000,sell,2022-05-14 01:33:08.677615+00:00
2022-05-14T01:23:03.08523Z,119369,2.00000000,245.48000000,buy,2022-05-14 01:23:03.085230+00:00
2022-05-14T01:23:03.08523Z,119368,2.00000000,151.53000000,buy,2022-05-14 01:23:03.085230+00:00
2022-05-14T01:23:03.08523Z,119367,2.01000000,20.00000000,buy,2022-05-14 01:23:03.085230+00:00
2022-05-14T01:15:06.185126Z,119366,1.98000000,94.67000000,sell,2022-05-14 01:15:06.185126+00:00
2022-05-14T01:15:06.185126Z,119365,1.97000000,322.34000000,sell,2022-05-14 01:15:06.185126+00:00
2022-05-14T01:13:45.107463Z,119364,1.97000000,3.98000000,sell,2022-05-14 01:13:45.107463+00:00
2022-05-14T01:12:56.161697Z,119363,1.97000000,36.34000000,sell,2022-05-14 01:12:56.161697+00:00
2022-05-14T01:09:39.035176Z,119362,1.95000000,0.20000000,sell,2022-05-14 01:09:39.035176+00:00
2022-05-14T01:07:55.174178Z,119361,1.95000000,2.05000000,sell,2022-05-14 01:07:55.174178+00:00
2022-05-14T01:07:15.678822Z,119360,1.95000000,1.09000000,sell,2022-05-14 01:07:15.678822+00:00
2022-05-14T01:07:09.784429Z,119359,1.95000000,0.15000000,sell,2022-05-14 01:07:09.784429+00:00
2022-05-14T01:06:48.880313Z,119358,1.95000000,0.10000000,buy,2022-05-14 01:06:48.880313+00:00
2022-05-14T01:02:35.445605Z,119357,1.96000000,0.32000000,sell,2022-05-14 01:02:35.445605+00:00
2022-05-14T00:41:35.927623Z,119356,1.96000000,3.10000000,buy,2022-05-14 00:41:35.927623+00:00
2022-05-14T00:29:54.603005Z,119355,1.96000000,0.10000000,sell,2022-05-14 00:29:54.603005+00:00
2022-05-14T00:27:16.843745Z,119354,1.96000000,0.10000000,sell,2022-05-14 00:27:16.843745+00:00
2022-05-14T00:14:30.8772Z,119353,1.95000000,0.10000000,sell,2022-05-14 00:14:30.877200+00:00
2022-05-14T00:08:00.083984Z,119352,1.95000000,0.93000000,sell,2022-05-14 00:08:00.083984+00:00
2022-05-14T00:07:24.644648Z,119351,1.95000000,6.53000000,sell,2022-05-14 00:07:24.644648+00:00
2022-05-14T00:07:16.605243Z,119350,1.95000000,2.05000000,sell,2022-05-14 00:07:16.605243+00:00
2022-05-14T00:06:31.832432Z,119349,1.95000000,17.49000000,sell,2022-05-14 00:06:31.832432+00:00
2022-05-13T23:53:46.977736Z,119348,1.95000000,114.99000000,sell,2022-05-13 23:53:46.977736+00:00
2022-05-13T23:53:46.977736Z,119347,1.95000000,20.00000000,sell,2022-05-13 23:53:46.977736+00:00
2022-05-13T23:52:20.120616Z,119346,1.95000000,0.10000000,sell,2022-05-13 23:52:20.120616+00:00
2022-05-13T23:48:50.133556Z,119345,1.95000000,0.45000000,sell,2022-05-13 23:48:50.133556+00:00
2022-05-13T23:47:29.963294Z,119344,1.95000000,1.34000000,sell,2022-05-13 23:47:29.963294+00:00
2022-05-13T23:42:43.384794Z,119343,1.94000000,8.04000000,buy,2022-05-13 23:42:43.384794+00:00
2022-05-13T23:42:05.845267Z,119342,1.95000000,0.11000000,sell,2022-05-13 23:42:05.845267+00:00
2022-05-13T23:29:27.000447Z,119341,1.95000000,0.22000000,sell,2022-05-13 23:29:27.000447+00:00
2022-05-13T23:27:49.766368Z,119340,1.95000000,0.94000000,sell,2022-05-13 23:27:49.766368+00:00
2022-05-13T23:27:45.719513Z,119339,1.95000000,0.36000000,sell,2022-05-13 23:27:45.719513+00:00
2022-05-13T23:26:57.865847Z,119338,1.95000000,0.10000000,sell,2022-05-13 23:26:57.865847+00:00
2022-05-13T23:14:56.49442Z,119337,1.95000000,4.60000000,sell,2022-05-13 23:14:56.494420+00:00
2022-05-13T23:10:13.230969Z,119336,1.95000000,48.31000000,sell,2022-05-13 23:10:13.230969+00:00
2022-05-13T22:58:31.817874Z,119335,1.96000000,1.01000000,sell,2022-05-13 22:58:31.817874+00:00
2022-05-13T22:47:12.876373Z,119334,1.95000000,2.00000000,buy,2022-05-13 22:47:12.876373+00:00
2022-05-13T22:41:35.642787Z,119333,1.97000000,0.32000000,sell,2022-05-13 22:41:35.642787+00:00
2022-05-13T22:36:48.16099Z,119332,1.96000000,0.10000000,buy,2022-05-13 22:36:48.160990+00:00
2022-05-13T22:36:19.929687Z,119331,1.98000000,0.68000000,sell,2022-05-13 22:36:19.929687+00:00
2022-05-13T22:32:50.668814Z,119330,1.98000000,0.16000000,buy,2022-05-13 22:32:50.668814+00:00
2022-05-13T22:28:36.357553Z,119329,1.98000000,0.10000000,sell,2022-05-13 22:28:36.357553+00:00
2022-05-13T22:28:36.07662Z,119328,1.97000000,4.00000000,sell,2022-05-13 22:28:36.076620+00:00
2022-05-13T22:15:34.260508Z,119327,2.00000000,2.85000000,buy,2022-05-13 22:15:34.260508+00:00
2022-05-13T22:09:22.38768Z,119326,2.00000000,0.11000000,sell,2022-05-13 22:09:22.387680+00:00
2022-05-13T22:08:37.563567Z,119325,2.00000000,22.00000000,sell,2022-05-13 22:08:37.563567+00:00
2022-05-13T22:07:58.115757Z,119324,2.00000000,0.75000000,sell,2022-05-13 22:07:58.115757+00:00
2022-05-13T22:07:56.097405Z,119323,2.00000000,0.20000000,sell,2022-05-13 22:07:56.097405+00:00
2022-05-13T22:07:09.948032Z,119322,1.99000000,0.10000000,buy,2022-05-13 22:07:09.948032+00:00
2022-05-13T21:55:25.854167Z,119321,1.98000000,1.03000000,buy,2022-05-13 21:55:25.854167+00:00
2022-05-13T21:53:42.308035Z,119320,1.98000000,0.91000000,sell,2022-05-13 21:53:42.308035+00:00
2022-05-13T21:47:32.4489Z,119319,1.98000000,0.15000000,buy,2022-05-13 21:47:32.448900+00:00
2022-05-13T21:45:20.445257Z,119318,1.97000000,2.76000000,buy,2022-05-13 21:45:20.445257+00:00
2022-05-13T21:33:13.247622Z,119317,1.98000000,48.72000000,sell,2022-05-13 21:33:13.247622+00:00
2022-05-13T21:29:25.959228Z,119316,1.95000000,0.99000000,buy,2022-05-13 21:29:25.959228+00:00
2022-05-13T21:28:21.474713Z,119315,1.97000000,0.10000000,sell,2022-05-13 21:28:21.474713+00:00
2022-05-13T21:20:31.622093Z,119314,1.97000000,0.56000000,sell,2022-05-13 21:20:31.622093+00:00
2022-05-13T21:20:29.672061Z,119313,1.97000000,0.34000000,sell,2022-05-13 21:20:29.672061+00:00
2022-05-13T21:19:09.445382Z,119312,1.95000000,0.10000000,buy,2022-05-13 21:19:09.445382+00:00
2022-05-13T21:18:01.408327Z,119311,1.96000000,11.53000000,sell,2022-05-13 21:18:01.408327+00:00
2022-05-13T21:13:20.070069Z,119310,1.93000000,51.13000000,buy,2022-05-13 21:13:20.070069+00:00
2022-05-13T21:13:20.070069Z,119309,1.93000000,7.87000000,buy,2022-05-13 21:13:20.070069+00:00
2022-05-13T21:13:00.095518Z,119308,1.93000000,24.00000000,buy,2022-05-13 21:13:00.095518+00:00
2022-05-13T21:12:59.776224Z,119307,1.93000000,29.00000000,buy,2022-05-13 21:12:59.776224+00:00
2022-05-13T21:12:59.680025Z,119306,1.93000000,39.13000000,buy,2022-05-13 21:12:59.680025+00:00
2022-05-13T21:12:59.680025Z,119305,1.94000000,0.39000000,buy,2022-05-13 21:12:59.680025+00:00
2022-05-13T21:12:59.680025Z,119304,1.94000000,1.48000000,buy,2022-05-13 21:12:59.680025+00:00
2022-05-13T21:11:44.246449Z,119303,1.94000000,28.00000000,buy,2022-05-13 21:11:44.246449+00:00
2022-05-13T21:11:36.46091Z,119302,1.94000000,24.00000000,buy,2022-05-13 21:11:36.460910+00:00
2022-05-13T21:11:29.657078Z,119301,1.95000000,52.00000000,buy,2022-05-13 21:11:29.657078+00:00
2022-05-13T21:11:16.780176Z,119300,1.94000000,16.00000000,buy,2022-05-13 21:11:16.780176+00:00
2022-05-13T21:11:14.926256Z,119299,1.94000000,55.00000000,buy,2022-05-13 21:11:14.926256+00:00
2022-05-13T21:11:14.926256Z,119298,1.95000000,4.00000000,buy,2022-05-13 21:11:14.926256+00:00
2022-05-13T21:11:14.636576Z,119297,1.95000000,18.00000000,buy,2022-05-13 21:11:14.636576+00:00
2022-05-13T21:11:14.321502Z,119296,1.96000000,30.87000000,sell,2022-05-13 21:11:14.321502+00:00
2022-05-13T21:11:14.321502Z,119295,1.95000000,20.00000000,sell,2022-05-13 21:11:14.321502+00:00
2022-05-13T21:11:06.426277Z,119294,1.94000000,138.00000000,buy,2022-05-13 21:11:06.426277+00:00
2022-05-13T21:11:01.406147Z,119293,1.94000000,31.00000000,buy,2022-05-13 21:11:01.406147+00:00
2022-05-13T21:11:01.406147Z,119292,1.94000000,4.00000000,buy,2022-05-13 21:11:01.406147+00:00
2022-05-13T21:10:36.571934Z,119291,1.94000000,13.66000000,buy,2022-05-13 21:10:36.571934+00:00
2022-05-13T21:10:36.571934Z,119290,1.94000000,3.20000000,buy,2022-05-13 21:10:36.571934+00:00
2022-05-13T21:10:36.571934Z,119289,1.94000000,0.19000000,buy,2022-05-13 21:10:36.571934+00:00
2022-05-13T21:10:36.571934Z,119288,1.94000000,3.95000000,buy,2022-05-13 21:10:36.571934+00:00
2022-05-13T21:10:36.320212Z,119287,1.96000000,183.11000000,sell,2022-05-13 21:10:36.320212+00:00
2022-05-13T21:10:36.320212Z,119286,1.95000000,307.49000000,sell,2022-05-13 21:10:36.320212+00:00
2022-05-13T21:10:36.320212Z,119285,1.95000000,20.00000000,sell,2022-05-13 21:10:36.320212+00:00
2022-05-13T21:07:51.452824Z,119284,1.94000000,24.00000000,buy,2022-05-13 21:07:51.452824+00:00
2022-05-13T21:07:51.452824Z,119283,1.95000000,4.00000000,buy,2022-05-13 21:07:51.452824+00:00
2022-05-13T21:06:11.486354Z,119282,1.95000000,8.14000000,sell,2022-05-13 21:06:11.486354+00:00
2022-05-13T21:04:25.654526Z,119281,1.95000000,17.00000000,buy,2022-05-13 21:04:25.654526+00:00
2022-05-13T21:04:12.106274Z,119280,1.96000000,3.81000000,sell,2022-05-13 21:04:12.106274+00:00
2022-05-13T21:04:12.106274Z,119279,1.96000000,77.80000000,sell,2022-05-13 21:04:12.106274+00:00
2022-05-13T21:04:12.106274Z,119278,1.95000000,20.00000000,sell,2022-05-13 21:04:12.106274+00:00
2022-05-13T21:03:00.296267Z,119277,1.96000000,26.00000000,buy,2022-05-13 21:03:00.296267+00:00
2022-05-13T21:02:32.867109Z,119276,1.95000000,63.00000000,buy,2022-05-13 21:02:32.867109+00:00
2022-05-13T21:02:10.179451Z,119275,1.95000000,0.10000000,sell,2022-05-13 21:02:10.179451+00:00
2022-05-13T21:00:31.531989Z,119274,1.93000000,34.00000000,buy,2022-05-13 21:00:31.531989+00:00
2022-05-13T21:00:29.388293Z,119273,1.93000000,155.00000000,buy,2022-05-13 21:00:29.388293+00:00
2022-05-13T21:00:24.922693Z,119272,1.93000000,28.00000000,buy,2022-05-13 21:00:24.922693+00:00
2022-05-13T21:00:19.931671Z,119271,1.93000000,13.00000000,buy,2022-05-13 21:00:19.931671+00:00
2022-05-13T21:00:19.931671Z,119270,1.94000000,4.00000000,buy,2022-05-13 21:00:19.931671+00:00
2022-05-13T21:00:19.824096Z,119269,1.94000000,17.00000000,buy,2022-05-13 21:00:19.824096+00:00
2022-05-13T21:00:06.934238Z,119268,1.94000000,1.10000000,buy,2022-05-13 21:00:06.934238+00:00
2022-05-13T21:00:06.025391Z,119267,1.95000000,100.00000000,sell,2022-05-13 21:00:06.025391+00:00
2022-05-13T20:59:51.325225Z,119266,1.95000000,4.57000000,sell,2022-05-13 20:59:51.325225+00:00
2022-05-13T20:59:45.515725Z,119265,1.94000000,16.00000000,buy,2022-05-13 20:59:45.515725+00:00
2022-05-13T20:58:53.054286Z,119264,1.96000000,158.12000000,sell,2022-05-13 20:58:53.054286+00:00
2022-05-13T20:58:53.054286Z,119263,1.95000000,332.57000000,sell,2022-05-13 20:58:53.054286+00:00
2022-05-13T20:58:48.079799Z,119262,1.94000000,1.94000000,buy,2022-05-13 20:58:48.079799+00:00
2022-05-13T20:58:23.066227Z,119261,1.95000000,31.18000000,sell,2022-05-13 20:58:23.066227+00:00
2022-05-13T20:58:23.066227Z,119260,1.94000000,20.00000000,sell,2022-05-13 20:58:23.066227+00:00
2022-05-13T20:58:19.796347Z,119259,1.95000000,0.10000000,sell,2022-05-13 20:58:19.796347+00:00
2022-05-13T20:56:51.205603Z,119258,1.95000000,0.52000000,sell,2022-05-13 20:56:51.205603+00:00
2022-05-13T20:56:40.680797Z,119257,1.95000000,2.43000000,sell,2022-05-13 20:56:40.680797+00:00
2022-05-13T20:56:40.680797Z,119256,1.94000000,20.00000000,sell,2022-05-13 20:56:40.680797+00:00
2022-05-13T20:56:40.680797Z,119255,1.94000000,76.20000000,sell,2022-05-13 20:56:40.680797+00:00
2022-05-13T20:48:49.42578Z,119254,1.95000000,0.10000000,sell,2022-05-13 20:48:49.425780+00:00
2022-05-13T20:45:14.828589Z,119253,1.94000000,18.90000000,buy,2022-05-13 20:45:14.828589+00:00
2022-05-13T20:45:11.340501Z,119252,1.95000000,20.00000000,buy,2022-05-13 20:45:11.340501+00:00
2022-05-13T20:45:11.340501Z,119251,1.96000000,8.10000000,buy,2022-05-13 20:45:11.340501+00:00
2022-05-13T20:45:11.289741Z,119250,1.96000000,27.00000000,buy,2022-05-13 20:45:11.289741+00:00
2022-05-13T20:45:11.285148Z,119249,1.96000000,27.00000000,buy,2022-05-13 20:45:11.285148+00:00
2022-05-13T20:44:09.351026Z,119248,1.97000000,17.00000000,buy,2022-05-13 20:44:09.351026+00:00
2022-05-13T20:41:24.20087Z,119247,1.95000000,0.10000000,buy,2022-05-13 20:41:24.200870+00:00
2022-05-13T20:41:19.290671Z,119246,1.96000000,1.96000000,sell,2022-05-13 20:41:19.290671+00:00
2022-05-13T20:39:35.625958Z,119245,1.98000000,5.98000000,sell,2022-05-13 20:39:35.625958+00:00
2022-05-13T20:39:35.625958Z,119244,1.97000000,320.10000000,sell,2022-05-13 20:39:35.625958+00:00
2022-05-13T20:39:35.625958Z,119243,1.97000000,308.45000000,sell,2022-05-13 20:39:35.625958+00:00
2022-05-13T20:39:35.625958Z,119242,1.96000000,329.47000000,sell,2022-05-13 20:39:35.625958+00:00
2022-05-13T20:39:35.625958Z,119241,1.95000000,75.40000000,sell,2022-05-13 20:39:35.625958+00:00
2022-05-13T20:37:25.427638Z,119240,1.95000000,4.72000000,buy,2022-05-13 20:37:25.427638+00:00
2022-05-13T20:35:27.499576Z,119239,1.96000000,0.10000000,sell,2022-05-13 20:35:27.499576+00:00
2022-05-13T20:33:32.344557Z,119238,1.96000000,0.25000000,sell,2022-05-13 20:33:32.344557+00:00
2022-05-13T20:33:11.839864Z,119237,1.96000000,0.14000000,sell,2022-05-13 20:33:11.839864+00:00
2022-05-13T20:32:20.165825Z,119236,1.97000000,0.75000000,sell,2022-05-13 20:32:20.165825+00:00
2022-05-13T20:32:15.226837Z,119235,1.97000000,0.98000000,sell,2022-05-13 20:32:15.226837+00:00
2022-05-13T20:31:21.614765Z,119234,1.97000000,2.03000000,sell,2022-05-13 20:31:21.614765+00:00
2022-05-13T20:24:40.774656Z,119233,1.97000000,0.10000000,sell,2022-05-13 20:24:40.774656+00:00
2022-05-13T20:18:02.384543Z,119232,1.94000000,0.50000000,sell,2022-05-13 20:18:02.384543+00:00
2022-05-13T20:12:38.816107Z,119231,1.93000000,4.65000000,sell,2022-05-13 20:12:38.816107+00:00
2022-05-13T20:12:01.571564Z,119230,1.93000000,5.31000000,sell,2022-05-13 20:12:01.571564+00:00
2022-05-13T20:12:01.571564Z,119229,1.92000000,20.00000000,sell,2022-05-13 20:12:01.571564+00:00
2022-05-13T20:04:24.818153Z,119228,1.93000000,0.11000000,buy,2022-05-13 20:04:24.818153+00:00
2022-05-13T19:48:44.487219Z,119227,1.92000000,33.02000000,buy,2022-05-13 19:48:44.487219+00:00
2022-05-13T19:48:44.487219Z,119226,1.92000000,332.70000000,buy,2022-05-13 19:48:44.487219+00:00
2022-05-13T19:48:44.487219Z,119225,1.93000000,260.85000000,buy,2022-05-13 19:48:44.487219+00:00
2022-05-13T19:48:44.487219Z,119224,1.93000000,353.43000000,buy,2022-05-13 19:48:44.487219+00:00
2022-05-13T19:48:44.487219Z,119223,1.94000000,20.00000000,buy,2022-05-13 19:48:44.487219+00:00
2022-05-13T19:48:19.259211Z,119222,1.95000000,25.00000000,buy,2022-05-13 19:48:19.259211+00:00
2022-05-13T19:32:28.955731Z,119221,1.97000000,37.39000000,sell,2022-05-13 19:32:28.955731+00:00
2022-05-13T19:32:28.955731Z,119220,1.97000000,323.60000000,sell,2022-05-13 19:32:28.955731+00:00
2022-05-13T19:32:28.955731Z,119219,1.96000000,371.27000000,sell,2022-05-13 19:32:28.955731+00:00
2022-05-13T19:32:28.955731Z,119218,1.96000000,20.00000000,sell,2022-05-13 19:32:28.955731+00:00
2022-05-13T19:32:16.224943Z,119217,1.96000000,0.69000000,sell,2022-05-13 19:32:16.224943+00:00
2022-05-13T19:31:32.872468Z,119216,1.97000000,104.42000000,sell,2022-05-13 19:31:32.872468+00:00
2022-05-13T19:31:32.872468Z,119215,1.97000000,20.00000000,sell,2022-05-13 19:31:32.872468+00:00
2022-05-13T19:24:14.841007Z,119214,1.96000000,50.00000000,sell,2022-05-13 19:24:14.841007+00:00
2022-05-13T19:23:12.850273Z,119213,1.95000000,20.45000000,buy,2022-05-13 19:23:12.850273+00:00
2022-05-13T19:23:12.850273Z,119212,1.96000000,20.00000000,buy,2022-05-13 19:23:12.850273+00:00
2022-05-13T19:22:54.596007Z,119211,1.95000000,19.38000000,buy,2022-05-13 19:22:54.596007+00:00
2022-05-13T19:22:54.596007Z,119210,1.96000000,20.00000000,buy,2022-05-13 19:22:54.596007+00:00
2022-05-13T19:20:53.725563Z,119209,1.95000000,4.48000000,sell,2022-05-13 19:20:53.725563+00:00
2022-05-13T19:17:12.768167Z,119208,1.95000000,9.45000000,sell,2022-05-13 19:17:12.768167+00:00
2022-05-13T19:00:55.166985Z,119207,1.97000000,173.36000000,sell,2022-05-13 19:00:55.166985+00:00
2022-05-13T19:00:55.166985Z,119206,1.97000000,20.00000000,sell,2022-05-13 19:00:55.166985+00:00
2022-05-13T18:53:11.611777Z,119205,1.96000000,1.39000000,buy,2022-05-13 18:53:11.611777+00:00
2022-05-13T18:51:34.863827Z,119204,1.95000000,1.01000000,sell,2022-05-13 18:51:34.863827+00:00
2022-05-13T18:51:09.955185Z,119203,1.95000000,1.68000000,sell,2022-05-13 18:51:09.955185+00:00
2022-05-13T18:50:15.430531Z,119202,1.92000000,350.23000000,buy,2022-05-13 18:50:15.430531+00:00
2022-05-13T18:50:15.430531Z,119201,1.93000000,274.62000000,buy,2022-05-13 18:50:15.430531+00:00
2022-05-13T18:50:15.430531Z,119200,1.93000000,255.91000000,buy,2022-05-13 18:50:15.430531+00:00
2022-05-13T18:50:15.430531Z,119199,1.94000000,20.00000000,buy,2022-05-13 18:50:15.430531+00:00
2022-05-13T18:43:38.19238Z,119198,1.97000000,0.62000000,sell,2022-05-13 18:43:38.192380+00:00
2022-05-13T18:42:58.81078Z,119197,1.96000000,18.09000000,sell,2022-05-13 18:42:58.810780+00:00
2022-05-13T18:40:40.848299Z,119196,1.97000000,0.54000000,sell,2022-05-13 18:40:40.848299+00:00
2022-05-13T18:40:37.48753Z,119195,1.97000000,0.35000000,sell,2022-05-13 18:40:37.487530+00:00
2022-05-13T18:39:40.361065Z,119194,1.97000000,80.02000000,sell,2022-05-13 18:39:40.361065+00:00
2022-05-13T18:39:40.361065Z,119193,1.96000000,20.00000000,sell,2022-05-13 18:39:40.361065+00:00
2022-05-13T18:38:48.711972Z,119192,1.97000000,1.10000000,sell,2022-05-13 18:38:48.711972+00:00
2022-05-13T18:26:54.163781Z,119191,1.94000000,1.56000000,sell,2022-05-13 18:26:54.163781+00:00
2022-05-13T18:23:36.500672Z,119190,1.95000000,5.26000000,sell,2022-05-13 18:23:36.500672+00:00
2022-05-13T18:21:48.362276Z,119189,1.95000000,0.18000000,buy,2022-05-13 18:21:48.362276+00:00
2022-05-13T18:16:08.617388Z,119188,1.95000000,4.12000000,buy,2022-05-13 18:16:08.617388+00:00
2022-05-13T18:11:50.234093Z,119187,1.96000000,0.47000000,buy,2022-05-13 18:11:50.234093+00:00
2022-05-13T18:08:44.935839Z,119186,1.94000000,1.19000000,buy,2022-05-13 18:08:44.935839+00:00
2022-05-13T18:04:10.984113Z,119185,1.90000000,10.07000000,buy,2022-05-13 18:04:10.984113+00:00
2022-05-13T18:03:10.542681Z,119184,1.94000000,1.06000000,sell,2022-05-13 18:03:10.542681+00:00
2022-05-13T18:02:38.203686Z,119183,1.91000000,3.12000000,buy,2022-05-13 18:02:38.203686+00:00
2022-05-13T17:58:26.596703Z,119182,1.94000000,18.93000000,sell,2022-05-13 17:58:26.596703+00:00
2022-05-13T17:58:26.596703Z,119181,1.93000000,92.00000000,sell,2022-05-13 17:58:26.596703+00:00
2022-05-13T17:58:26.596703Z,119180,1.93000000,132.41000000,sell,2022-05-13 17:58:26.596703+00:00
2022-05-13T17:58:26.596703Z,119179,1.93000000,20.00000000,sell,2022-05-13 17:58:26.596703+00:00
2022-05-13T17:58:24.132967Z,119178,1.91000000,6.20000000,buy,2022-05-13 17:58:24.132967+00:00
2022-05-13T17:55:53.207318Z,119177,1.91000000,20.61000000,buy,2022-05-13 17:55:53.207318+00:00
2022-05-13T17:54:04.718069Z,119176,1.92000000,3.93000000,buy,2022-05-13 17:54:04.718069+00:00
2022-05-13T17:49:34.204808Z,119175,1.91000000,14.94000000,sell,2022-05-13 17:49:34.204808+00:00
2022-05-13T17:46:26.96009Z,119174,1.90000000,36.61000000,buy,2022-05-13 17:46:26.960090+00:00
2022-05-13T17:46:26.96009Z,119173,1.90000000,14.94000000,buy,2022-05-13 17:46:26.960090+00:00
2022-05-13T17:44:48.585063Z,119172,1.95000000,0.16000000,sell,2022-05-13 17:44:48.585063+00:00
2022-05-13T17:44:48.317258Z,119171,1.95000000,0.20000000,sell,2022-05-13 17:44:48.317258+00:00
2022-05-13T17:44:30.151745Z,119170,1.95000000,76.61000000,sell,2022-05-13 17:44:30.151745+00:00
2022-05-13T17:42:44.497062Z,119169,1.95000000,1.17000000,sell,2022-05-13 17:42:44.497062+00:00
2022-05-13T17:42:18.889913Z,119168,1.93000000,29.52000000,buy,2022-05-13 17:42:18.889913+00:00
2022-05-13T17:42:18.889913Z,119167,1.94000000,7.10000000,buy,2022-05-13 17:42:18.889913+00:00
2022-05-13T17:42:18.889913Z,119166,1.94000000,0.32000000,buy,2022-05-13 17:42:18.889913+00:00
2022-05-13T17:42:18.889913Z,119165,1.94000000,32.20000000,buy,2022-05-13 17:42:18.889913+00:00
2022-05-13T17:42:16.802798Z,119164,1.96000000,0.29000000,buy,2022-05-13 17:42:16.802798+00:00
2022-05-13T17:42:16.802798Z,119163,1.97000000,15.64000000,buy,2022-05-13 17:42:16.802798+00:00
2022-05-13T17:42:16.802798Z,119162,1.98000000,5.40000000,buy,2022-05-13 17:42:16.802798+00:00
2022-05-13T17:40:54.096443Z,119161,2.01000000,0.70000000,buy,2022-05-13 17:40:54.096443+00:00
2022-05-13T17:40:54.096443Z,119160,2.01000000,6.38000000,buy,2022-05-13 17:40:54.096443+00:00
2022-05-13T17:40:54.096443Z,119159,2.02000000,3.50000000,buy,2022-05-13 17:40:54.096443+00:00
2022-05-13T17:40:53.389795Z,119158,2.13000000,69.14000000,sell,2022-05-13 17:40:53.389795+00:00
2022-05-13T17:36:39.190721Z,119157,2.00000000,2.00000000,sell,2022-05-13 17:36:39.190721+00:00
2022-05-13T17:33:17.10714Z,119156,1.96000000,188.61000000,buy,2022-05-13 17:33:17.107140+00:00
2022-05-13T17:33:17.10714Z,119155,1.96000000,12.50000000,buy,2022-05-13 17:33:17.107140+00:00
2022-05-13T17:27:37.507949Z,119154,1.97000000,9.85000000,sell,2022-05-13 17:27:37.507949+00:00
2022-05-13T17:24:11.752305Z,119153,1.95000000,0.27000000,buy,2022-05-13 17:24:11.752305+00:00
2022-05-13T17:14:25.766936Z,119152,1.97000000,0.22000000,buy,2022-05-13 17:14:25.766936+00:00
2022-05-13T17:08:59.150934Z,119151,1.95000000,9.15000000,sell,2022-05-13 17:08:59.150934+00:00
2022-05-13T17:07:12.031326Z,119150,1.95000000,173.97000000,sell,2022-05-13 17:07:12.031326+00:00
2022-05-13T17:07:12.031326Z,119149,1.95000000,27.14000000,sell,2022-05-13 17:07:12.031326+00:00
2022-05-13T17:04:22.494568Z,119148,1.94000000,33.96000000,buy,2022-05-13 17:04:22.494568+00:00
2022-05-13T17:04:22.494568Z,119147,1.94000000,8.00000000,buy,2022-05-13 17:04:22.494568+00:00
2022-05-13T17:01:14.797446Z,119146,1.94000000,210.47000000,sell,2022-05-13 17:01:14.797446+00:00
2022-05-13T16:58:00.861313Z,119145,1.93000000,0.30000000,buy,2022-05-13 16:58:00.861313+00:00
2022-05-13T16:58:00.77395Z,119144,1.92000000,22.43000000,buy,2022-05-13 16:58:00.773950+00:00
2022-05-13T16:58:00.77395Z,119143,1.93000000,20.00000000,buy,2022-05-13 16:58:00.773950+00:00
2022-05-13T16:58:00.77395Z,119142,1.93000000,26.66000000,buy,2022-05-13 16:58:00.773950+00:00
2022-05-13T16:57:15.60854Z,119141,1.93000000,0.48000000,buy,2022-05-13 16:57:15.608540+00:00
2022-05-13T16:50:25.49531Z,119140,1.97000000,18.00000000,buy,2022-05-13 16:50:25.495310+00:00
2022-05-13T16:43:18.677023Z,119139,1.98000000,16.00000000,buy,2022-05-13 16:43:18.677023+00:00
2022-05-13T16:41:25.624691Z,119138,2.00000000,12.87000000,buy,2022-05-13 16:41:25.624691+00:00
2022-05-13T16:40:56.152997Z,119137,2.05000000,0.17000000,buy,2022-05-13 16:40:56.152997+00:00
2022-05-13T16:40:56.152997Z,119136,2.05000000,0.56000000,buy,2022-05-13 16:40:56.152997+00:00
2022-05-13T16:40:56.152997Z,119135,2.06000000,14.40000000,buy,2022-05-13 16:40:56.152997+00:00
2022-05-13T16:40:54.862332Z,119134,2.13000000,121.40000000,sell,2022-05-13 16:40:54.862332+00:00
2022-05-13T16:40:54.862332Z,119133,2.12000000,78.60000000,sell,2022-05-13 16:40:54.862332+00:00
2022-05-13T16:38:43.17133Z,119132,2.01000000,0.71000000,buy,2022-05-13 16:38:43.171330+00:00
2022-05-13T16:38:39.681754Z,119131,2.01000000,7.24000000,buy,2022-05-13 16:38:39.681754+00:00
2022-05-13T16:36:09.291211Z,119130,2.03000000,0.43000000,buy,2022-05-13 16:36:09.291211+00:00
2022-05-13T16:12:43.922061Z,119129,2.14000000,2.28000000,sell,2022-05-13 16:12:43.922061+00:00
2022-05-13T16:07:37.886555Z,119128,2.02000000,0.20000000,buy,2022-05-13 16:07:37.886555+00:00
2022-05-13T16:07:14.289221Z,119127,2.03000000,128.43000000,sell,2022-05-13 16:07:14.289221+00:00
2022-05-13T16:07:14.289221Z,119126,2.03000000,123.00000000,sell,2022-05-13 16:07:14.289221+00:00
2022-05-13T16:06:51.177332Z,119125,2.02000000,7.11000000,buy,2022-05-13 16:06:51.177332+00:00
2022-05-13T16:06:30.930722Z,119124,2.01000000,122.37000000,buy,2022-05-13 16:06:30.930722+00:00
2022-05-13T16:06:30.930722Z,119123,2.01000000,272.25000000,buy,2022-05-13 16:06:30.930722+00:00
2022-05-13T16:06:30.930722Z,119122,2.01000000,131.00000000,buy,2022-05-13 16:06:30.930722+00:00
2022-05-13T16:06:03.239454Z,119121,2.01000000,6.14000000,buy,2022-05-13 16:06:03.239454+00:00
2022-05-13T16:06:03.239454Z,119120,2.01000000,2.60000000,buy,2022-05-13 16:06:03.239454+00:00
