time,trade_id,price,size,side,date
2022-05-15T21:11:50.332382Z,9743606,1.36000000,0.36000000,sell,2022-05-15 21:11:50.332382+00:00
2022-05-15T21:11:10.5909Z,9743605,1.35000000,15.87000000,buy,2022-05-15 21:11:10.590900+00:00
2022-05-15T21:10:56.594219Z,9743604,1.36000000,13.54000000,sell,2022-05-15 21:10:56.594219+00:00
2022-05-15T21:10:17.901521Z,9743603,1.36000000,2.23000000,sell,2022-05-15 21:10:17.901521+00:00
2022-05-15T21:09:51.331597Z,9743602,1.35000000,0.46000000,buy,2022-05-15 21:09:51.331597+00:00
2022-05-15T21:07:54.1845Z,9743601,1.36000000,9.99000000,buy,2022-05-15 21:07:54.184500+00:00
2022-05-15T21:07:54.1845Z,9743600,1.36000000,54.00000000,buy,2022-05-15 21:07:54.184500+00:00
2022-05-15T21:07:48.310261Z,9743599,1.36000000,554.15000000,buy,2022-05-15 21:07:48.310261+00:00
2022-05-15T21:07:41.691474Z,9743598,1.36000000,160.54000000,sell,2022-05-15 21:07:41.691474+00:00
2022-05-15T21:07:41.691474Z,9743597,1.36000000,136.00000000,sell,2022-05-15 21:07:41.691474+00:00
2022-05-15T21:07:37.282344Z,9743596,1.35000000,4012.30000000,buy,2022-05-15 21:07:37.282344+00:00
2022-05-15T21:07:37.282344Z,9743595,1.35000000,666.27000000,buy,2022-05-15 21:07:37.282344+00:00
2022-05-15T21:07:37.282344Z,9743594,1.35000000,936.04000000,buy,2022-05-15 21:07:37.282344+00:00
2022-05-15T21:07:37.282344Z,9743593,1.35000000,497.56000000,buy,2022-05-15 21:07:37.282344+00:00
2022-05-15T21:07:37.282344Z,9743592,1.35000000,447.46000000,buy,2022-05-15 21:07:37.282344+00:00
2022-05-15T21:07:13.48068Z,9743591,1.37000000,2.70000000,sell,2022-05-15 21:07:13.480680+00:00
2022-05-15T21:07:13.48068Z,9743590,1.37000000,44.41000000,sell,2022-05-15 21:07:13.480680+00:00
2022-05-15T21:07:13.48068Z,9743589,1.36000000,136.00000000,sell,2022-05-15 21:07:13.480680+00:00
2022-05-15T21:07:01.494439Z,9743588,1.36000000,50.00000000,buy,2022-05-15 21:07:01.494439+00:00
2022-05-15T21:07:01.494439Z,9743587,1.36000000,151.72000000,buy,2022-05-15 21:07:01.494439+00:00
2022-05-15T21:07:01.483345Z,9743586,1.36000000,166.83000000,buy,2022-05-15 21:07:01.483345+00:00
2022-05-15T21:07:01.474584Z,9743585,1.36000000,21.45000000,buy,2022-05-15 21:07:01.474584+00:00
2022-05-15T21:07:01.474584Z,9743584,1.36000000,253.55000000,buy,2022-05-15 21:07:01.474584+00:00
2022-05-15T21:06:59.559698Z,9743583,1.36000000,346.45000000,buy,2022-05-15 21:06:59.559698+00:00
2022-05-15T21:06:59.559698Z,9743582,1.36000000,118.80000000,buy,2022-05-15 21:06:59.559698+00:00
2022-05-15T21:06:59.559698Z,9743581,1.36000000,135.69000000,buy,2022-05-15 21:06:59.559698+00:00
2022-05-15T21:06:44.212048Z,9743580,1.36000000,0.31000000,buy,2022-05-15 21:06:44.212048+00:00
2022-05-15T21:06:43.542874Z,9743579,1.37000000,127.34000000,sell,2022-05-15 21:06:43.542874+00:00
2022-05-15T21:06:43.542874Z,9743578,1.37000000,1470.64000000,sell,2022-05-15 21:06:43.542874+00:00
2022-05-15T21:06:43.542874Z,9743577,1.37000000,22.26000000,sell,2022-05-15 21:06:43.542874+00:00
2022-05-15T21:06:43.542874Z,9743576,1.37000000,200.00000000,sell,2022-05-15 21:06:43.542874+00:00
2022-05-15T21:06:43.542874Z,9743575,1.37000000,366.26000000,sell,2022-05-15 21:06:43.542874+00:00
2022-05-15T21:06:35.119341Z,9743574,1.36000000,153.63000000,sell,2022-05-15 21:06:35.119341+00:00
2022-05-15T21:06:35.119341Z,9743573,1.36000000,136.00000000,sell,2022-05-15 21:06:35.119341+00:00
2022-05-15T21:06:34.024965Z,9743572,1.36000000,6.66000000,buy,2022-05-15 21:06:34.024965+00:00
2022-05-15T21:06:34.024965Z,9743571,1.36000000,136.00000000,buy,2022-05-15 21:06:34.024965+00:00
2022-05-15T21:06:34.024965Z,9743570,1.36000000,85.32000000,buy,2022-05-15 21:06:34.024965+00:00
2022-05-15T21:06:34.024965Z,9743569,1.36000000,600.00000000,buy,2022-05-15 21:06:34.024965+00:00
2022-05-15T21:06:31.223921Z,9743568,1.36000000,136.00000000,sell,2022-05-15 21:06:31.223921+00:00
2022-05-15T21:06:27.42902Z,9743567,1.36000000,172.60000000,sell,2022-05-15 21:06:27.429020+00:00
2022-05-15T21:06:27.42902Z,9743566,1.36000000,136.00000000,sell,2022-05-15 21:06:27.429020+00:00
2022-05-15T21:06:17.653591Z,9743565,1.36000000,174.11000000,sell,2022-05-15 21:06:17.653591+00:00
2022-05-15T21:06:17.653591Z,9743564,1.36000000,64.70000000,sell,2022-05-15 21:06:17.653591+00:00
2022-05-15T21:06:05.543845Z,9743563,1.36000000,10.29000000,sell,2022-05-15 21:06:05.543845+00:00
2022-05-15T21:05:56.456545Z,9743562,1.36000000,5.08000000,sell,2022-05-15 21:05:56.456545+00:00
2022-05-15T21:05:46.701139Z,9743561,1.36000000,55.93000000,sell,2022-05-15 21:05:46.701139+00:00
2022-05-15T21:05:44.191695Z,9743560,1.36000000,183.68000000,buy,2022-05-15 21:05:44.191695+00:00
2022-05-15T21:05:44.191695Z,9743559,1.36000000,0.10000000,buy,2022-05-15 21:05:44.191695+00:00
2022-05-15T21:05:44.191695Z,9743558,1.36000000,136.08000000,buy,2022-05-15 21:05:44.191695+00:00
2022-05-15T21:05:44.191695Z,9743557,1.36000000,13.45000000,buy,2022-05-15 21:05:44.191695+00:00
2022-05-15T21:05:44.172074Z,9743556,1.36000000,30.92000000,buy,2022-05-15 21:05:44.172074+00:00
2022-05-15T21:05:44.172074Z,9743555,1.36000000,183.00000000,buy,2022-05-15 21:05:44.172074+00:00
2022-05-15T21:05:44.172074Z,9743554,1.36000000,340.00000000,buy,2022-05-15 21:05:44.172074+00:00
2022-05-15T21:05:44.172074Z,9743553,1.36000000,494.83000000,buy,2022-05-15 21:05:44.172074+00:00
2022-05-15T21:05:44.042106Z,9743552,1.36000000,167.13000000,buy,2022-05-15 21:05:44.042106+00:00
2022-05-15T21:05:44.042106Z,9743551,1.36000000,921.06000000,buy,2022-05-15 21:05:44.042106+00:00
2022-05-15T21:05:43.927665Z,9743550,1.36000000,360.70000000,buy,2022-05-15 21:05:43.927665+00:00
2022-05-15T21:05:43.927665Z,9743549,1.36000000,136.00000000,buy,2022-05-15 21:05:43.927665+00:00
2022-05-15T21:05:43.927665Z,9743548,1.36000000,153.35000000,buy,2022-05-15 21:05:43.927665+00:00
2022-05-15T21:05:43.927665Z,9743547,1.36000000,334.72000000,buy,2022-05-15 21:05:43.927665+00:00
2022-05-15T21:05:43.927665Z,9743546,1.36000000,108.11000000,buy,2022-05-15 21:05:43.927665+00:00
2022-05-15T21:05:26.296597Z,9743545,1.37000000,70.46000000,sell,2022-05-15 21:05:26.296597+00:00
2022-05-15T21:05:08.623617Z,9743544,1.36000000,8.04000000,buy,2022-05-15 21:05:08.623617+00:00
2022-05-15T21:03:55.84804Z,9743543,1.37000000,2.86000000,sell,2022-05-15 21:03:55.848040+00:00
2022-05-15T21:03:29.417918Z,9743542,1.36000000,1.89000000,buy,2022-05-15 21:03:29.417918+00:00
2022-05-15T21:03:07.245752Z,9743541,1.37000000,17.86000000,sell,2022-05-15 21:03:07.245752+00:00
2022-05-15T21:03:04.295816Z,9743540,1.36000000,9.52000000,buy,2022-05-15 21:03:04.295816+00:00
2022-05-15T21:02:58.682967Z,9743539,1.36000000,389.00000000,buy,2022-05-15 21:02:58.682967+00:00
2022-05-15T21:01:30.234371Z,9743538,1.36000000,83.44000000,buy,2022-05-15 21:01:30.234371+00:00
2022-05-15T21:00:06.926533Z,9743537,1.36000000,370.00000000,buy,2022-05-15 21:00:06.926533+00:00
2022-05-15T20:59:37.177219Z,9743536,1.36000000,17.47000000,buy,2022-05-15 20:59:37.177219+00:00
2022-05-15T20:59:11.519044Z,9743535,1.36000000,136.00000000,sell,2022-05-15 20:59:11.519044+00:00
2022-05-15T20:59:06.316309Z,9743534,1.36000000,32.31000000,sell,2022-05-15 20:59:06.316309+00:00
2022-05-15T20:59:06.316309Z,9743533,1.36000000,169.40000000,sell,2022-05-15 20:59:06.316309+00:00
2022-05-15T20:59:06.316309Z,9743532,1.36000000,136.00000000,sell,2022-05-15 20:59:06.316309+00:00
2022-05-15T20:58:57.28556Z,9743531,1.36000000,0.91000000,sell,2022-05-15 20:58:57.285560+00:00
2022-05-15T20:58:57.28556Z,9743530,1.36000000,63.09000000,sell,2022-05-15 20:58:57.285560+00:00
2022-05-15T20:58:57.28556Z,9743529,1.36000000,136.00000000,sell,2022-05-15 20:58:57.285560+00:00
2022-05-15T20:58:54.816662Z,9743528,1.36000000,125.28000000,sell,2022-05-15 20:58:54.816662+00:00
2022-05-15T20:58:54.816662Z,9743527,1.36000000,136.00000000,sell,2022-05-15 20:58:54.816662+00:00
2022-05-15T20:58:51.754426Z,9743526,1.36000000,135.27000000,buy,2022-05-15 20:58:51.754426+00:00
2022-05-15T20:58:51.754426Z,9743525,1.36000000,600.00000000,buy,2022-05-15 20:58:51.754426+00:00
2022-05-15T20:58:49.662912Z,9743524,1.37000000,284.03000000,sell,2022-05-15 20:58:49.662912+00:00
2022-05-15T20:58:44.038184Z,9743523,1.36000000,136.00000000,sell,2022-05-15 20:58:44.038184+00:00
2022-05-15T20:58:44.038184Z,9743522,1.36000000,10.53000000,sell,2022-05-15 20:58:44.038184+00:00
2022-05-15T20:58:44.038184Z,9743521,1.36000000,141.39000000,sell,2022-05-15 20:58:44.038184+00:00
2022-05-15T20:58:33.127243Z,9743520,1.36000000,136.00000000,buy,2022-05-15 20:58:33.127243+00:00
2022-05-15T20:58:33.127243Z,9743519,1.36000000,5.94000000,buy,2022-05-15 20:58:33.127243+00:00
2022-05-15T20:58:33.127243Z,9743518,1.36000000,119.70000000,buy,2022-05-15 20:58:33.127243+00:00
2022-05-15T20:58:15.258555Z,9743517,1.36000000,136.00000000,sell,2022-05-15 20:58:15.258555+00:00
2022-05-15T20:58:15.258555Z,9743516,1.36000000,155.51000000,sell,2022-05-15 20:58:15.258555+00:00
2022-05-15T20:58:15.179873Z,9743515,1.36000000,37.26000000,sell,2022-05-15 20:58:15.179873+00:00
2022-05-15T20:58:15.179873Z,9743514,1.36000000,136.00000000,sell,2022-05-15 20:58:15.179873+00:00
2022-05-15T20:58:15.179873Z,9743513,1.36000000,144.92000000,sell,2022-05-15 20:58:15.179873+00:00
2022-05-15T20:58:14.570346Z,9743512,1.36000000,6.38000000,sell,2022-05-15 20:58:14.570346+00:00
2022-05-15T20:58:14.570346Z,9743511,1.36000000,139.95000000,sell,2022-05-15 20:58:14.570346+00:00
2022-05-15T20:57:44.912492Z,9743510,1.36000000,173.76000000,sell,2022-05-15 20:57:44.912492+00:00
2022-05-15T20:57:44.912492Z,9743509,1.36000000,136.00000000,sell,2022-05-15 20:57:44.912492+00:00
2022-05-15T20:57:37.851677Z,9743508,1.36000000,100.00000000,sell,2022-05-15 20:57:37.851677+00:00
2022-05-15T20:57:37.851677Z,9743507,1.36000000,160.18000000,sell,2022-05-15 20:57:37.851677+00:00
2022-05-15T20:57:37.851677Z,9743506,1.36000000,136.00000000,sell,2022-05-15 20:57:37.851677+00:00
2022-05-15T20:57:12.458249Z,9743505,1.36000000,20.00000000,sell,2022-05-15 20:57:12.458249+00:00
2022-05-15T20:57:00.625803Z,9743504,1.36000000,175.04000000,buy,2022-05-15 20:57:00.625803+00:00
2022-05-15T20:57:00.572868Z,9743503,1.36000000,424.96000000,buy,2022-05-15 20:57:00.572868+00:00
2022-05-15T20:57:00.572868Z,9743502,1.36000000,4.30000000,buy,2022-05-15 20:57:00.572868+00:00
2022-05-15T20:57:00.53727Z,9743501,1.36000000,5.33000000,buy,2022-05-15 20:57:00.537270+00:00
2022-05-15T20:57:00.53727Z,9743500,1.36000000,47.25000000,buy,2022-05-15 20:57:00.537270+00:00
2022-05-15T20:57:00.53727Z,9743499,1.36000000,136.00000000,buy,2022-05-15 20:57:00.537270+00:00
2022-05-15T20:57:00.53727Z,9743498,1.36000000,3.60000000,buy,2022-05-15 20:57:00.537270+00:00
2022-05-15T20:57:00.53727Z,9743497,1.36000000,94.81000000,buy,2022-05-15 20:57:00.537270+00:00
2022-05-15T20:56:44.148016Z,9743496,1.36000000,505.19000000,buy,2022-05-15 20:56:44.148016+00:00
2022-05-15T20:56:35.076372Z,9743495,1.37000000,5.52000000,sell,2022-05-15 20:56:35.076372+00:00
2022-05-15T20:56:31.724939Z,9743494,1.36000000,154.34000000,sell,2022-05-15 20:56:31.724939+00:00
2022-05-15T20:56:31.724939Z,9743493,1.36000000,83.88000000,sell,2022-05-15 20:56:31.724939+00:00
2022-05-15T20:56:31.724939Z,9743492,1.36000000,136.00000000,sell,2022-05-15 20:56:31.724939+00:00
2022-05-15T20:56:26.31499Z,9743491,1.35000000,1000.00000000,buy,2022-05-15 20:56:26.314990+00:00
2022-05-15T20:55:58.652633Z,9743490,1.35000000,32.24000000,buy,2022-05-15 20:55:58.652633+00:00
2022-05-15T20:55:58.652633Z,9743489,1.35000000,294.97000000,buy,2022-05-15 20:55:58.652633+00:00
2022-05-15T20:55:57.813561Z,9743488,1.36000000,3.60000000,buy,2022-05-15 20:55:57.813561+00:00
2022-05-15T20:55:57.813561Z,9743487,1.36000000,600.00000000,buy,2022-05-15 20:55:57.813561+00:00
2022-05-15T20:55:57.813561Z,9743486,1.36000000,136.00000000,buy,2022-05-15 20:55:57.813561+00:00
2022-05-15T20:55:57.813561Z,9743485,1.36000000,30.24000000,buy,2022-05-15 20:55:57.813561+00:00
2022-05-15T20:55:47.725883Z,9743484,1.36000000,3.60000000,buy,2022-05-15 20:55:47.725883+00:00
2022-05-15T20:55:47.725883Z,9743483,1.36000000,136.00000000,buy,2022-05-15 20:55:47.725883+00:00
2022-05-15T20:55:47.725883Z,9743482,1.36000000,57.33000000,buy,2022-05-15 20:55:47.725883+00:00
2022-05-15T20:55:47.725883Z,9743481,1.36000000,600.00000000,buy,2022-05-15 20:55:47.725883+00:00
2022-05-15T20:55:25.972886Z,9743480,1.36000000,183.32000000,sell,2022-05-15 20:55:25.972886+00:00
2022-05-15T20:55:25.972886Z,9743479,1.36000000,136.00000000,sell,2022-05-15 20:55:25.972886+00:00
2022-05-15T20:55:25.77401Z,9743478,1.36000000,119.80000000,sell,2022-05-15 20:55:25.774010+00:00
2022-05-15T20:55:25.77401Z,9743477,1.36000000,173.03000000,sell,2022-05-15 20:55:25.774010+00:00
2022-05-15T20:55:25.77401Z,9743476,1.36000000,111.33000000,sell,2022-05-15 20:55:25.774010+00:00
2022-05-15T20:55:25.77401Z,9743475,1.36000000,600.00000000,sell,2022-05-15 20:55:25.774010+00:00
2022-05-15T20:55:25.77401Z,9743474,1.36000000,3.60000000,sell,2022-05-15 20:55:25.774010+00:00
2022-05-15T20:55:25.77401Z,9743473,1.36000000,136.00000000,sell,2022-05-15 20:55:25.774010+00:00
2022-05-15T20:54:14.314Z,9743472,1.36000000,136.00000000,buy,2022-05-15 20:54:14.314000+00:00
2022-05-15T20:54:14.314Z,9743471,1.36000000,165.64000000,buy,2022-05-15 20:54:14.314000+00:00
2022-05-15T20:54:14.05345Z,9743470,1.36000000,136.00000000,buy,2022-05-15 20:54:14.053450+00:00
2022-05-15T20:54:14.013556Z,9743469,1.36000000,195.06000000,buy,2022-05-15 20:54:14.013556+00:00
2022-05-15T20:54:14.013556Z,9743468,1.36000000,152.35000000,buy,2022-05-15 20:54:14.013556+00:00
2022-05-15T20:54:14.013556Z,9743467,1.36000000,600.00000000,buy,2022-05-15 20:54:14.013556+00:00
2022-05-15T20:54:14.013556Z,9743466,1.36000000,3.60000000,buy,2022-05-15 20:54:14.013556+00:00
2022-05-15T20:54:14.013556Z,9743465,1.36000000,135.17000000,buy,2022-05-15 20:54:14.013556+00:00
2022-05-15T20:53:59.122054Z,9743464,1.36000000,0.83000000,buy,2022-05-15 20:53:59.122054+00:00
2022-05-15T20:53:39.718386Z,9743463,1.36000000,7.83000000,buy,2022-05-15 20:53:39.718386+00:00
2022-05-15T20:53:39.718386Z,9743462,1.36000000,136.00000000,buy,2022-05-15 20:53:39.718386+00:00
2022-05-15T20:53:30.280328Z,9743461,1.36000000,3.60000000,sell,2022-05-15 20:53:30.280328+00:00
2022-05-15T20:53:30.280328Z,9743460,1.36000000,136.00000000,sell,2022-05-15 20:53:30.280328+00:00
2022-05-15T20:53:30.280328Z,9743459,1.36000000,104.36000000,sell,2022-05-15 20:53:30.280328+00:00
2022-05-15T20:53:30.280328Z,9743458,1.36000000,176.08000000,sell,2022-05-15 20:53:30.280328+00:00
2022-05-15T20:53:30.280328Z,9743457,1.36000000,362.51000000,sell,2022-05-15 20:53:30.280328+00:00
2022-05-15T20:53:30.276526Z,9743456,1.36000000,237.49000000,sell,2022-05-15 20:53:30.276526+00:00
2022-05-15T20:53:18.954801Z,9743455,1.36000000,192.88000000,sell,2022-05-15 20:53:18.954801+00:00
2022-05-15T20:53:18.954801Z,9743454,1.36000000,136.00000000,sell,2022-05-15 20:53:18.954801+00:00
2022-05-15T20:53:18.954801Z,9743453,1.36000000,340.00000000,sell,2022-05-15 20:53:18.954801+00:00
2022-05-15T20:52:53.020164Z,9743452,1.36000000,14.70000000,sell,2022-05-15 20:52:53.020164+00:00
2022-05-15T20:52:39.496421Z,9743451,1.36000000,7.38000000,sell,2022-05-15 20:52:39.496421+00:00
2022-05-15T20:52:16.915792Z,9743450,1.35000000,0.15000000,buy,2022-05-15 20:52:16.915792+00:00
2022-05-15T20:51:31.09847Z,9743449,1.35000000,44.88000000,buy,2022-05-15 20:51:31.098470+00:00
2022-05-15T20:50:57.85618Z,9743448,1.36000000,14.70000000,sell,2022-05-15 20:50:57.856180+00:00
2022-05-15T20:50:27.67673Z,9743447,1.36000000,8.86000000,sell,2022-05-15 20:50:27.676730+00:00
2022-05-15T20:50:15.997051Z,9743446,1.36000000,570.51000000,sell,2022-05-15 20:50:15.997051+00:00
2022-05-15T20:50:15.997051Z,9743445,1.36000000,3.60000000,sell,2022-05-15 20:50:15.997051+00:00
2022-05-15T20:50:15.997051Z,9743444,1.36000000,159.71000000,sell,2022-05-15 20:50:15.997051+00:00
2022-05-15T20:48:56.494025Z,9743443,1.36000000,14.70000000,sell,2022-05-15 20:48:56.494025+00:00
2022-05-15T20:47:00.920759Z,9743442,1.36000000,14.70000000,sell,2022-05-15 20:47:00.920759+00:00
2022-05-15T20:45:59.343135Z,9743441,1.36000000,18.64000000,sell,2022-05-15 20:45:59.343135+00:00
2022-05-15T20:45:59.343135Z,9743440,1.36000000,61.46000000,sell,2022-05-15 20:45:59.343135+00:00
2022-05-15T20:45:59.343135Z,9743439,1.36000000,88.38000000,sell,2022-05-15 20:45:59.343135+00:00
2022-05-15T20:45:58.677913Z,9743438,1.36000000,32.92000000,sell,2022-05-15 20:45:58.677913+00:00
2022-05-15T20:45:07.375277Z,9743437,1.36000000,14.70000000,sell,2022-05-15 20:45:07.375277+00:00
2022-05-15T20:44:23.473975Z,9743436,1.36000000,3.60000000,sell,2022-05-15 20:44:23.473975+00:00
2022-05-15T20:44:23.473975Z,9743435,1.36000000,63.39000000,sell,2022-05-15 20:44:23.473975+00:00
2022-05-15T20:44:23.473975Z,9743434,1.36000000,136.00000000,sell,2022-05-15 20:44:23.473975+00:00
2022-05-15T20:44:23.473975Z,9743433,1.36000000,600.00000000,sell,2022-05-15 20:44:23.473975+00:00
2022-05-15T20:44:20.084803Z,9743432,1.35000000,0.77000000,buy,2022-05-15 20:44:20.084803+00:00
2022-05-15T20:44:07.812458Z,9743431,1.35000000,2.85000000,buy,2022-05-15 20:44:07.812458+00:00
2022-05-15T20:43:53.197962Z,9743430,1.36000000,340.00000000,buy,2022-05-15 20:43:53.197962+00:00
2022-05-15T20:43:53.16672Z,9743429,1.36000000,157.78000000,buy,2022-05-15 20:43:53.166720+00:00
2022-05-15T20:43:53.16672Z,9743428,1.36000000,340.00000000,buy,2022-05-15 20:43:53.166720+00:00
2022-05-15T20:43:51.77735Z,9743427,1.37000000,80.68000000,sell,2022-05-15 20:43:51.777350+00:00
2022-05-15T20:43:51.77735Z,9743426,1.37000000,158.80000000,sell,2022-05-15 20:43:51.777350+00:00
2022-05-15T20:43:51.77735Z,9743425,1.37000000,1217.46000000,sell,2022-05-15 20:43:51.777350+00:00
2022-05-15T20:43:44.430882Z,9743424,1.36000000,340.00000000,buy,2022-05-15 20:43:44.430882+00:00
2022-05-15T20:43:33.793387Z,9743423,1.36000000,340.00000000,buy,2022-05-15 20:43:33.793387+00:00
2022-05-15T20:43:18.120557Z,9743422,1.36000000,600.00000000,buy,2022-05-15 20:43:18.120557+00:00
2022-05-15T20:42:31.11277Z,9743421,1.37000000,2.85000000,sell,2022-05-15 20:42:31.112770+00:00
2022-05-15T20:42:10.555627Z,9743420,1.36000000,0.36000000,buy,2022-05-15 20:42:10.555627+00:00
2022-05-15T20:41:51.936523Z,9743419,1.36000000,136.00000000,buy,2022-05-15 20:41:51.936523+00:00
2022-05-15T20:41:45.995836Z,9743418,1.37000000,3.03000000,sell,2022-05-15 20:41:45.995836+00:00
2022-05-15T20:41:27.98084Z,9743417,1.35000000,1.74000000,buy,2022-05-15 20:41:27.980840+00:00
2022-05-15T20:41:25.546226Z,9743416,1.36000000,162.69000000,buy,2022-05-15 20:41:25.546226+00:00
2022-05-15T20:41:25.546226Z,9743415,1.36000000,136.00000000,buy,2022-05-15 20:41:25.546226+00:00
2022-05-15T20:41:25.546226Z,9743414,1.36000000,164.01000000,buy,2022-05-15 20:41:25.546226+00:00
2022-05-15T20:41:05.223581Z,9743413,1.36000000,175.99000000,buy,2022-05-15 20:41:05.223581+00:00
2022-05-15T20:41:05.223581Z,9743412,1.36000000,159.48000000,buy,2022-05-15 20:41:05.223581+00:00
2022-05-15T20:41:05.223581Z,9743411,1.36000000,120.54000000,buy,2022-05-15 20:41:05.223581+00:00
2022-05-15T20:39:01.785206Z,9743410,1.37000000,94.32000000,sell,2022-05-15 20:39:01.785206+00:00
2022-05-15T20:38:41.185462Z,9743409,1.36000000,7.39000000,buy,2022-05-15 20:38:41.185462+00:00
2022-05-15T20:38:05.465469Z,9743408,1.37000000,18.22000000,sell,2022-05-15 20:38:05.465469+00:00
2022-05-15T20:36:58.11121Z,9743407,1.37000000,10.20000000,sell,2022-05-15 20:36:58.111210+00:00
2022-05-15T20:35:26.316203Z,9743406,1.37000000,34.87000000,sell,2022-05-15 20:35:26.316203+00:00
2022-05-15T20:34:58.617381Z,9743405,1.36000000,8.07000000,buy,2022-05-15 20:34:58.617381+00:00
2022-05-15T20:34:21.208409Z,9743404,1.37000000,69.84000000,sell,2022-05-15 20:34:21.208409+00:00
2022-05-15T20:33:28.242603Z,9743403,1.36000000,162.62000000,sell,2022-05-15 20:33:28.242603+00:00
2022-05-15T20:33:28.242603Z,9743402,1.36000000,136.00000000,sell,2022-05-15 20:33:28.242603+00:00
2022-05-15T20:32:39.040326Z,9743401,1.36000000,450.47000000,sell,2022-05-15 20:32:39.040326+00:00
2022-05-15T20:32:38.571892Z,9743400,1.36000000,136.00000000,buy,2022-05-15 20:32:38.571892+00:00
2022-05-15T20:32:38.298475Z,9743399,1.36000000,3.60000000,buy,2022-05-15 20:32:38.298475+00:00
2022-05-15T20:32:38.298475Z,9743398,1.36000000,136.00000000,buy,2022-05-15 20:32:38.298475+00:00
2022-05-15T20:32:38.194238Z,9743397,1.36000000,136.00000000,buy,2022-05-15 20:32:38.194238+00:00
2022-05-15T20:32:09.663445Z,9743396,1.36000000,175.22000000,sell,2022-05-15 20:32:09.663445+00:00
2022-05-15T20:32:09.663445Z,9743395,1.36000000,0.16000000,sell,2022-05-15 20:32:09.663445+00:00
2022-05-15T20:30:52.92132Z,9743394,1.36000000,144.14000000,sell,2022-05-15 20:30:52.921320+00:00
2022-05-15T20:30:16.076905Z,9743393,1.36000000,136.00000000,buy,2022-05-15 20:30:16.076905+00:00
2022-05-15T20:30:15.972981Z,9743392,1.36000000,136.00000000,buy,2022-05-15 20:30:15.972981+00:00
2022-05-15T20:30:09.808805Z,9743391,1.37000000,0.90000000,sell,2022-05-15 20:30:09.808805+00:00
2022-05-15T20:29:29.784437Z,9743390,1.36000000,13.59000000,buy,2022-05-15 20:29:29.784437+00:00
2022-05-15T20:29:29.784437Z,9743389,1.36000000,136.00000000,buy,2022-05-15 20:29:29.784437+00:00
2022-05-15T20:29:29.649453Z,9743388,1.36000000,136.00000000,buy,2022-05-15 20:29:29.649453+00:00
2022-05-15T20:29:29.649453Z,9743387,1.36000000,21.06000000,buy,2022-05-15 20:29:29.649453+00:00
2022-05-15T20:29:28.061024Z,9743386,1.36000000,42.75000000,buy,2022-05-15 20:29:28.061024+00:00
2022-05-15T20:29:28.061024Z,9743385,1.36000000,136.00000000,buy,2022-05-15 20:29:28.061024+00:00
2022-05-15T20:29:13.677428Z,9743384,1.36000000,136.00000000,buy,2022-05-15 20:29:13.677428+00:00
2022-05-15T20:29:13.56945Z,9743383,1.36000000,136.00000000,buy,2022-05-15 20:29:13.569450+00:00
2022-05-15T20:29:13.493236Z,9743382,1.36000000,316.47000000,sell,2022-05-15 20:29:13.493236+00:00
2022-05-15T20:29:13.490247Z,9743381,1.36000000,283.53000000,sell,2022-05-15 20:29:13.490247+00:00
2022-05-15T20:29:13.490247Z,9743380,1.36000000,3.60000000,sell,2022-05-15 20:29:13.490247+00:00
2022-05-15T20:29:13.490247Z,9743379,1.36000000,136.00000000,sell,2022-05-15 20:29:13.490247+00:00
2022-05-15T20:29:13.490247Z,9743378,1.36000000,1472.44000000,sell,2022-05-15 20:29:13.490247+00:00
2022-05-15T20:29:09.454684Z,9743377,1.36000000,136.00000000,buy,2022-05-15 20:29:09.454684+00:00
2022-05-15T20:29:09.348743Z,9743376,1.36000000,136.00000000,buy,2022-05-15 20:29:09.348743+00:00
2022-05-15T20:29:08.11654Z,9743375,1.36000000,35.49000000,sell,2022-05-15 20:29:08.116540+00:00
2022-05-15T20:29:08.11654Z,9743374,1.36000000,230.00000000,sell,2022-05-15 20:29:08.116540+00:00
2022-05-15T20:29:07.929288Z,9743373,1.36000000,136.00000000,buy,2022-05-15 20:29:07.929288+00:00
2022-05-15T20:29:07.81023Z,9743372,1.36000000,136.00000000,buy,2022-05-15 20:29:07.810230+00:00
2022-05-15T20:29:03.27139Z,9743371,1.36000000,136.00000000,buy,2022-05-15 20:29:03.271390+00:00
2022-05-15T20:28:48.097819Z,9743370,1.36000000,136.00000000,buy,2022-05-15 20:28:48.097819+00:00
2022-05-15T20:27:56.671456Z,9743369,1.36000000,92.33000000,buy,2022-05-15 20:27:56.671456+00:00
2022-05-15T20:27:56.671456Z,9743368,1.36000000,340.00000000,buy,2022-05-15 20:27:56.671456+00:00
2022-05-15T20:27:56.671456Z,9743367,1.36000000,70.61000000,buy,2022-05-15 20:27:56.671456+00:00
2022-05-15T20:27:50.302116Z,9743366,1.36000000,108.24000000,buy,2022-05-15 20:27:50.302116+00:00
2022-05-15T20:27:50.302116Z,9743365,1.36000000,138.65000000,buy,2022-05-15 20:27:50.302116+00:00
2022-05-15T20:27:28.105107Z,9743364,1.37000000,10.00000000,sell,2022-05-15 20:27:28.105107+00:00
2022-05-15T20:26:21.728665Z,9743363,1.36000000,0.45000000,buy,2022-05-15 20:26:21.728665+00:00
2022-05-15T20:25:43.953731Z,9743362,1.36000000,17.01000000,buy,2022-05-15 20:25:43.953731+00:00
2022-05-15T20:25:35.416353Z,9743361,1.36000000,0.21000000,buy,2022-05-15 20:25:35.416353+00:00
2022-05-15T20:24:41.589899Z,9743360,1.37000000,3.60000000,buy,2022-05-15 20:24:41.589899+00:00
2022-05-15T20:24:41.589899Z,9743359,1.37000000,600.00000000,buy,2022-05-15 20:24:41.589899+00:00
2022-05-15T20:24:41.589899Z,9743358,1.37000000,177.90000000,buy,2022-05-15 20:24:41.589899+00:00
2022-05-15T20:24:41.589899Z,9743357,1.37000000,32.49000000,buy,2022-05-15 20:24:41.589899+00:00
2022-05-15T20:24:37.934022Z,9743356,1.37000000,29.07000000,buy,2022-05-15 20:24:37.934022+00:00
2022-05-15T20:24:37.934022Z,9743355,1.37000000,91.53000000,buy,2022-05-15 20:24:37.934022+00:00
2022-05-15T20:24:37.934022Z,9743354,1.37000000,178.74000000,buy,2022-05-15 20:24:37.934022+00:00
2022-05-15T20:24:34.870861Z,9743353,1.37000000,62.10000000,sell,2022-05-15 20:24:34.870861+00:00
2022-05-15T20:24:34.870861Z,9743352,1.37000000,124.38000000,sell,2022-05-15 20:24:34.870861+00:00
2022-05-15T20:24:34.870861Z,9743351,1.37000000,0.33000000,sell,2022-05-15 20:24:34.870861+00:00
2022-05-15T20:24:32.247701Z,9743350,1.37000000,172.70000000,sell,2022-05-15 20:24:32.247701+00:00
2022-05-15T20:24:32.240028Z,9743349,1.37000000,160.98000000,sell,2022-05-15 20:24:32.240028+00:00
2022-05-15T20:24:32.226273Z,9743348,1.37000000,356.60000000,sell,2022-05-15 20:24:32.226273+00:00
2022-05-15T20:24:32.226273Z,9743347,1.37000000,37.53000000,sell,2022-05-15 20:24:32.226273+00:00
2022-05-15T20:24:32.226273Z,9743346,1.37000000,492.05000000,sell,2022-05-15 20:24:32.226273+00:00
2022-05-15T20:24:32.226273Z,9743345,1.37000000,975.57000000,sell,2022-05-15 20:24:32.226273+00:00
2022-05-15T20:23:18.38656Z,9743344,1.36000000,195.53000000,buy,2022-05-15 20:23:18.386560+00:00
2022-05-15T20:23:18.376516Z,9743343,1.36000000,1273.22000000,buy,2022-05-15 20:23:18.376516+00:00
2022-05-15T20:23:18.376516Z,9743342,1.36000000,5.94000000,buy,2022-05-15 20:23:18.376516+00:00
2022-05-15T20:23:18.376516Z,9743341,1.36000000,51.75000000,buy,2022-05-15 20:23:18.376516+00:00
2022-05-15T20:23:18.376516Z,9743340,1.36000000,3.60000000,buy,2022-05-15 20:23:18.376516+00:00
2022-05-15T20:23:18.376516Z,9743339,1.36000000,600.00000000,buy,2022-05-15 20:23:18.376516+00:00
2022-05-15T20:23:08.355582Z,9743338,1.36000000,136.00000000,sell,2022-05-15 20:23:08.355582+00:00
2022-05-15T20:23:08.355582Z,9743337,1.36000000,3.60000000,sell,2022-05-15 20:23:08.355582+00:00
2022-05-15T20:23:08.2031Z,9743336,1.36000000,955.80000000,sell,2022-05-15 20:23:08.203100+00:00
2022-05-15T20:23:08.2031Z,9743335,1.36000000,3.60000000,sell,2022-05-15 20:23:08.203100+00:00
2022-05-15T20:23:08.2031Z,9743334,1.36000000,136.00000000,sell,2022-05-15 20:23:08.203100+00:00
2022-05-15T20:23:00.732085Z,9743333,1.35000000,3.80000000,buy,2022-05-15 20:23:00.732085+00:00
2022-05-15T20:22:31.653355Z,9743332,1.36000000,19.44000000,buy,2022-05-15 20:22:31.653355+00:00
2022-05-15T20:22:31.653355Z,9743331,1.36000000,136.00000000,buy,2022-05-15 20:22:31.653355+00:00
2022-05-15T20:22:31.653355Z,9743330,1.36000000,340.00000000,buy,2022-05-15 20:22:31.653355+00:00
2022-05-15T20:22:31.653355Z,9743329,1.36000000,93.78000000,buy,2022-05-15 20:22:31.653355+00:00
2022-05-15T20:22:31.653355Z,9743328,1.36000000,167.53000000,buy,2022-05-15 20:22:31.653355+00:00
2022-05-15T20:22:26.701888Z,9743327,1.37000000,10.95000000,sell,2022-05-15 20:22:26.701888+00:00
2022-05-15T20:22:23.1605Z,9743326,1.36000000,7.33000000,buy,2022-05-15 20:22:23.160500+00:00
2022-05-15T20:22:21.902647Z,9743325,1.37000000,80.14000000,sell,2022-05-15 20:22:21.902647+00:00
2022-05-15T20:22:21.902647Z,9743324,1.37000000,149.81000000,sell,2022-05-15 20:22:21.902647+00:00
2022-05-15T20:22:21.902647Z,9743323,1.37000000,167.67000000,sell,2022-05-15 20:22:21.902647+00:00
2022-05-15T20:22:21.902647Z,9743322,1.37000000,11.20000000,sell,2022-05-15 20:22:21.902647+00:00
2022-05-15T20:22:21.902647Z,9743321,1.37000000,593.07000000,sell,2022-05-15 20:22:21.902647+00:00
2022-05-15T20:21:51.394444Z,9743320,1.36000000,150.00000000,sell,2022-05-15 20:21:51.394444+00:00
2022-05-15T20:21:51.377797Z,9743319,1.36000000,57.51000000,sell,2022-05-15 20:21:51.377797+00:00
2022-05-15T20:21:51.051285Z,9743318,1.36000000,220.00000000,sell,2022-05-15 20:21:51.051285+00:00
2022-05-15T20:21:51.051285Z,9743317,1.36000000,143.91000000,sell,2022-05-15 20:21:51.051285+00:00
2022-05-15T20:21:50.823213Z,9743316,1.36000000,156.18000000,buy,2022-05-15 20:21:50.823213+00:00
2022-05-15T20:21:50.823213Z,9743315,1.36000000,136.00000000,buy,2022-05-15 20:21:50.823213+00:00
2022-05-15T20:21:50.823213Z,9743314,1.36000000,3.60000000,buy,2022-05-15 20:21:50.823213+00:00
2022-05-15T20:21:50.823213Z,9743313,1.36000000,564.07000000,buy,2022-05-15 20:21:50.823213+00:00
2022-05-15T20:21:41.67095Z,9743312,1.37000000,226.45000000,sell,2022-05-15 20:21:41.670950+00:00
2022-05-15T20:21:27.088916Z,9743311,1.37000000,728.47000000,sell,2022-05-15 20:21:27.088916+00:00
2022-05-15T20:20:59.534313Z,9743310,1.36000000,35.93000000,buy,2022-05-15 20:20:59.534313+00:00
2022-05-15T20:20:58.781573Z,9743309,1.36000000,136.00000000,sell,2022-05-15 20:20:58.781573+00:00
2022-05-15T20:20:58.588633Z,9743308,1.36000000,136.00000000,sell,2022-05-15 20:20:58.588633+00:00
2022-05-15T20:20:58.26651Z,9743307,1.36000000,167.03000000,sell,2022-05-15 20:20:58.266510+00:00
2022-05-15T20:20:58.26651Z,9743306,1.36000000,136.00000000,sell,2022-05-15 20:20:58.266510+00:00
2022-05-15T20:20:57.975142Z,9743305,1.36000000,152.90000000,sell,2022-05-15 20:20:57.975142+00:00
2022-05-15T20:20:57.975142Z,9743304,1.36000000,136.00000000,sell,2022-05-15 20:20:57.975142+00:00
2022-05-15T20:20:54.060059Z,9743303,1.36000000,165.92000000,sell,2022-05-15 20:20:54.060059+00:00
2022-05-15T20:20:54.060059Z,9743302,1.36000000,136.00000000,sell,2022-05-15 20:20:54.060059+00:00
2022-05-15T20:20:51.809427Z,9743301,1.36000000,165.20000000,sell,2022-05-15 20:20:51.809427+00:00
2022-05-15T20:20:51.809427Z,9743300,1.36000000,173.16000000,sell,2022-05-15 20:20:51.809427+00:00
2022-05-15T20:20:51.809427Z,9743299,1.36000000,0.94000000,sell,2022-05-15 20:20:51.809427+00:00
2022-05-15T20:20:51.809427Z,9743298,1.36000000,600.00000000,sell,2022-05-15 20:20:51.809427+00:00
2022-05-15T20:20:51.809427Z,9743297,1.36000000,3.60000000,sell,2022-05-15 20:20:51.809427+00:00
2022-05-15T20:20:51.809427Z,9743296,1.36000000,122.56000000,sell,2022-05-15 20:20:51.809427+00:00
2022-05-15T20:20:47.983493Z,9743295,1.36000000,13.44000000,sell,2022-05-15 20:20:47.983493+00:00
2022-05-15T20:20:28.956698Z,9743294,1.36000000,949.67000000,sell,2022-05-15 20:20:28.956698+00:00
2022-05-15T20:20:28.956698Z,9743293,1.36000000,123.89000000,sell,2022-05-15 20:20:28.956698+00:00
2022-05-15T20:20:28.111684Z,9743292,1.36000000,12.11000000,sell,2022-05-15 20:20:28.111684+00:00
2022-05-15T20:20:27.513749Z,9743291,1.36000000,22.32000000,buy,2022-05-15 20:20:27.513749+00:00
2022-05-15T20:19:29.565276Z,9743290,1.36000000,136.00000000,buy,2022-05-15 20:19:29.565276+00:00
2022-05-15T20:18:34.098382Z,9743289,1.36000000,219.91000000,buy,2022-05-15 20:18:34.098382+00:00
2022-05-15T20:18:22.784357Z,9743288,1.37000000,10.73000000,sell,2022-05-15 20:18:22.784357+00:00
2022-05-15T20:18:17.053861Z,9743287,1.37000000,128.18000000,sell,2022-05-15 20:18:17.053861+00:00
2022-05-15T20:18:03.77531Z,9743286,1.36000000,156.81000000,buy,2022-05-15 20:18:03.775310+00:00
2022-05-15T20:18:03.77531Z,9743285,1.36000000,113.61000000,buy,2022-05-15 20:18:03.775310+00:00
2022-05-15T20:17:59.633654Z,9743284,1.36000000,22.39000000,buy,2022-05-15 20:17:59.633654+00:00
2022-05-15T20:17:54.775835Z,9743283,1.36000000,232.60000000,buy,2022-05-15 20:17:54.775835+00:00
2022-05-15T20:17:54.775835Z,9743282,1.36000000,156.91000000,buy,2022-05-15 20:17:54.775835+00:00
2022-05-15T20:17:54.775835Z,9743281,1.36000000,136.00000000,buy,2022-05-15 20:17:54.775835+00:00
2022-05-15T20:17:54.775835Z,9743280,1.36000000,2.03000000,buy,2022-05-15 20:17:54.775835+00:00
2022-05-15T20:17:49.64785Z,9743279,1.37000000,35.74000000,sell,2022-05-15 20:17:49.647850+00:00
2022-05-15T20:17:47.805779Z,9743278,1.36000000,99.72000000,buy,2022-05-15 20:17:47.805779+00:00
2022-05-15T20:17:47.805779Z,9743277,1.36000000,136.00000000,buy,2022-05-15 20:17:47.805779+00:00
2022-05-15T20:17:42.298823Z,9743276,1.37000000,70.46000000,sell,2022-05-15 20:17:42.298823+00:00
2022-05-15T20:17:39.296913Z,9743275,1.37000000,6.55000000,sell,2022-05-15 20:17:39.296913+00:00
2022-05-15T20:17:38.728863Z,9743274,1.36000000,0.40000000,buy,2022-05-15 20:17:38.728863+00:00
2022-05-15T20:17:14.933895Z,9743273,1.36000000,0.11000000,buy,2022-05-15 20:17:14.933895+00:00
2022-05-15T20:17:01.742046Z,9743272,1.36000000,158.77000000,buy,2022-05-15 20:17:01.742046+00:00
2022-05-15T20:17:01.742046Z,9743271,1.36000000,136.00000000,buy,2022-05-15 20:17:01.742046+00:00
2022-05-15T20:16:58.838106Z,9743270,1.36000000,95.80000000,buy,2022-05-15 20:16:58.838106+00:00
2022-05-15T20:16:58.838106Z,9743269,1.36000000,600.00000000,buy,2022-05-15 20:16:58.838106+00:00
2022-05-15T20:16:58.838106Z,9743268,1.36000000,136.00000000,buy,2022-05-15 20:16:58.838106+00:00
2022-05-15T20:16:39.579067Z,9743267,1.36000000,368.07000000,sell,2022-05-15 20:16:39.579067+00:00
2022-05-15T20:16:10.996797Z,9743266,1.35000000,4.26000000,buy,2022-05-15 20:16:10.996797+00:00
2022-05-15T20:15:31.127173Z,9743265,1.36000000,600.00000000,buy,2022-05-15 20:15:31.127173+00:00
2022-05-15T20:15:31.127173Z,9743264,1.36000000,182.33000000,buy,2022-05-15 20:15:31.127173+00:00
2022-05-15T20:15:09.964452Z,9743263,1.36000000,2.05000000,buy,2022-05-15 20:15:09.964452+00:00
2022-05-15T20:15:06.295569Z,9743262,1.37000000,17.08000000,sell,2022-05-15 20:15:06.295569+00:00
2022-05-15T20:14:37.236995Z,9743261,1.37000000,0.82000000,sell,2022-05-15 20:14:37.236995+00:00
2022-05-15T20:14:36.162427Z,9743260,1.36000000,136.00000000,buy,2022-05-15 20:14:36.162427+00:00
2022-05-15T20:14:36.162427Z,9743259,1.36000000,600.00000000,buy,2022-05-15 20:14:36.162427+00:00
2022-05-15T20:14:17.998949Z,9743258,1.36000000,3.11000000,buy,2022-05-15 20:14:17.998949+00:00
2022-05-15T20:14:12.257479Z,9743257,1.36000000,600.00000000,buy,2022-05-15 20:14:12.257479+00:00
2022-05-15T20:14:10.437882Z,9743256,1.36000000,166.56000000,sell,2022-05-15 20:14:10.437882+00:00
2022-05-15T20:14:10.437882Z,9743255,1.36000000,296.04000000,sell,2022-05-15 20:14:10.437882+00:00
2022-05-15T20:13:43.188844Z,9743254,1.36000000,0.16000000,sell,2022-05-15 20:13:43.188844+00:00
2022-05-15T20:13:37.887139Z,9743253,1.36000000,14.60000000,sell,2022-05-15 20:13:37.887139+00:00
2022-05-15T20:13:37.722166Z,9743252,1.36000000,29.20000000,sell,2022-05-15 20:13:37.722166+00:00
2022-05-15T20:13:34.968626Z,9743251,1.36000000,158.31000000,buy,2022-05-15 20:13:34.968626+00:00
2022-05-15T20:13:34.744102Z,9743250,1.36000000,129.33000000,buy,2022-05-15 20:13:34.744102+00:00
2022-05-15T20:13:32.978075Z,9743249,1.36000000,1467.24000000,buy,2022-05-15 20:13:32.978075+00:00
2022-05-15T20:13:32.978075Z,9743248,1.36000000,600.00000000,buy,2022-05-15 20:13:32.978075+00:00
2022-05-15T20:13:30.810679Z,9743247,1.36000000,136.00000000,sell,2022-05-15 20:13:30.810679+00:00
2022-05-15T20:13:30.558529Z,9743246,1.36000000,340.00000000,sell,2022-05-15 20:13:30.558529+00:00
2022-05-15T20:13:30.558529Z,9743245,1.36000000,136.00000000,sell,2022-05-15 20:13:30.558529+00:00
2022-05-15T20:13:20.694289Z,9743244,1.36000000,1800.00000000,buy,2022-05-15 20:13:20.694289+00:00
2022-05-15T20:13:20.694289Z,9743243,1.36000000,11.70000000,buy,2022-05-15 20:13:20.694289+00:00
2022-05-15T20:13:20.694289Z,9743242,1.36000000,44.64000000,buy,2022-05-15 20:13:20.694289+00:00
2022-05-15T20:13:20.694289Z,9743241,1.36000000,3.60000000,buy,2022-05-15 20:13:20.694289+00:00
2022-05-15T20:13:05.93306Z,9743240,1.36000000,3.60000000,sell,2022-05-15 20:13:05.933060+00:00
2022-05-15T20:13:05.93306Z,9743239,1.36000000,136.00000000,sell,2022-05-15 20:13:05.933060+00:00
2022-05-15T20:13:05.635149Z,9743238,1.36000000,38.59000000,sell,2022-05-15 20:13:05.635149+00:00
2022-05-15T20:13:05.635149Z,9743237,1.36000000,136.00000000,sell,2022-05-15 20:13:05.635149+00:00
2022-05-15T20:13:05.635149Z,9743236,1.36000000,14.93000000,sell,2022-05-15 20:13:05.635149+00:00
2022-05-15T20:13:05.635149Z,9743235,1.36000000,913.99000000,sell,2022-05-15 20:13:05.635149+00:00
2022-05-15T20:12:52.915543Z,9743234,1.36000000,86.01000000,sell,2022-05-15 20:12:52.915543+00:00
2022-05-15T20:12:52.838743Z,9743233,1.35000000,0.21000000,sell,2022-05-15 20:12:52.838743+00:00
2022-05-15T20:12:52.838743Z,9743232,1.35000000,790.01000000,sell,2022-05-15 20:12:52.838743+00:00
2022-05-15T20:12:52.777871Z,9743231,1.35000000,740.44000000,sell,2022-05-15 20:12:52.777871+00:00
2022-05-15T20:12:52.688583Z,9743230,1.35000000,433.47000000,sell,2022-05-15 20:12:52.688583+00:00
2022-05-15T20:11:27.358213Z,9743229,1.35000000,2.96000000,sell,2022-05-15 20:11:27.358213+00:00
2022-05-15T20:11:06.541495Z,9743228,1.34000000,136.00000000,sell,2022-05-15 20:11:06.541495+00:00
2022-05-15T20:11:06.541495Z,9743227,1.34000000,163.91000000,sell,2022-05-15 20:11:06.541495+00:00
2022-05-15T20:11:06.43191Z,9743226,1.34000000,0.24000000,sell,2022-05-15 20:11:06.431910+00:00
2022-05-15T20:11:06.43191Z,9743225,1.34000000,153.28000000,sell,2022-05-15 20:11:06.431910+00:00
2022-05-15T20:11:06.43191Z,9743224,1.34000000,18.96000000,sell,2022-05-15 20:11:06.431910+00:00
2022-05-15T20:11:01.51215Z,9743223,1.33000000,149.81000000,buy,2022-05-15 20:11:01.512150+00:00
2022-05-15T20:10:52.060339Z,9743222,1.34000000,117.04000000,sell,2022-05-15 20:10:52.060339+00:00
2022-05-15T20:10:52.060339Z,9743221,1.34000000,100.21000000,sell,2022-05-15 20:10:52.060339+00:00
2022-05-15T20:10:33.300874Z,9743220,1.34000000,37.14000000,sell,2022-05-15 20:10:33.300874+00:00
2022-05-15T20:10:23.186794Z,9743219,1.34000000,35.65000000,sell,2022-05-15 20:10:23.186794+00:00
2022-05-15T20:08:53.626899Z,9743218,1.33000000,22.26000000,buy,2022-05-15 20:08:53.626899+00:00
2022-05-15T20:08:39.988457Z,9743217,1.34000000,6.82000000,sell,2022-05-15 20:08:39.988457+00:00
2022-05-15T20:08:39.988457Z,9743216,1.34000000,136.00000000,sell,2022-05-15 20:08:39.988457+00:00
2022-05-15T20:07:24.650605Z,9743215,1.34000000,199.02000000,sell,2022-05-15 20:07:24.650605+00:00
2022-05-15T20:07:24.650605Z,9743214,1.34000000,172.63000000,sell,2022-05-15 20:07:24.650605+00:00
2022-05-15T20:07:11.945354Z,9743213,1.34000000,0.56000000,sell,2022-05-15 20:07:11.945354+00:00
2022-05-15T20:07:11.945354Z,9743212,1.34000000,0.19000000,sell,2022-05-15 20:07:11.945354+00:00
2022-05-15T20:06:52.215375Z,9743211,1.34000000,45.80000000,sell,2022-05-15 20:06:52.215375+00:00
2022-05-15T20:06:52.215375Z,9743210,1.34000000,136.00000000,sell,2022-05-15 20:06:52.215375+00:00
2022-05-15T20:06:27.077621Z,9743209,1.34000000,33.88000000,sell,2022-05-15 20:06:27.077621+00:00
2022-05-15T20:06:27.077621Z,9743208,1.34000000,136.00000000,sell,2022-05-15 20:06:27.077621+00:00
2022-05-15T20:06:00.258794Z,9743207,1.34000000,19.26000000,sell,2022-05-15 20:06:00.258794+00:00
2022-05-15T20:06:00.258794Z,9743206,1.34000000,136.00000000,sell,2022-05-15 20:06:00.258794+00:00
2022-05-15T20:06:00.059875Z,9743205,1.34000000,136.00000000,sell,2022-05-15 20:06:00.059875+00:00
2022-05-15T20:06:00.059875Z,9743204,1.34000000,51.39000000,sell,2022-05-15 20:06:00.059875+00:00
2022-05-15T20:05:59.560167Z,9743203,1.35000000,65.43000000,sell,2022-05-15 20:05:59.560167+00:00
2022-05-15T20:05:59.560167Z,9743202,1.34000000,136.00000000,sell,2022-05-15 20:05:59.560167+00:00
2022-05-15T20:05:59.476612Z,9743201,1.35000000,677.51000000,sell,2022-05-15 20:05:59.476612+00:00
2022-05-15T20:05:59.476612Z,9743200,1.34000000,65.43000000,sell,2022-05-15 20:05:59.476612+00:00
2022-05-15T20:05:59.476612Z,9743199,1.34000000,136.00000000,sell,2022-05-15 20:05:59.476612+00:00
2022-05-15T20:05:53.486311Z,9743198,1.34000000,136.00000000,buy,2022-05-15 20:05:53.486311+00:00
2022-05-15T20:05:37.95063Z,9743197,1.33000000,664.78000000,buy,2022-05-15 20:05:37.950630+00:00
2022-05-15T20:05:37.95063Z,9743196,1.33000000,952.90000000,buy,2022-05-15 20:05:37.950630+00:00
2022-05-15T20:05:37.95063Z,9743195,1.33000000,476.71000000,buy,2022-05-15 20:05:37.950630+00:00
2022-05-15T20:05:37.95063Z,9743194,1.33000000,160.62000000,buy,2022-05-15 20:05:37.950630+00:00
2022-05-15T20:05:37.95063Z,9743193,1.33000000,1464.47000000,buy,2022-05-15 20:05:37.950630+00:00
2022-05-15T20:05:37.95063Z,9743192,1.34000000,344.52000000,buy,2022-05-15 20:05:37.950630+00:00
2022-05-15T20:05:37.95063Z,9743191,1.34000000,136.00000000,buy,2022-05-15 20:05:37.950630+00:00
2022-05-15T20:05:36.714567Z,9743190,1.34000000,600.00000000,buy,2022-05-15 20:05:36.714567+00:00
2022-05-15T20:05:36.714567Z,9743189,1.34000000,136.00000000,buy,2022-05-15 20:05:36.714567+00:00
2022-05-15T20:05:31.722218Z,9743188,1.34000000,136.00000000,sell,2022-05-15 20:05:31.722218+00:00
2022-05-15T20:05:31.722218Z,9743187,1.34000000,46.89000000,sell,2022-05-15 20:05:31.722218+00:00
2022-05-15T20:05:31.722218Z,9743186,1.34000000,123.93000000,sell,2022-05-15 20:05:31.722218+00:00
2022-05-15T20:05:31.517838Z,9743185,1.34000000,3.60000000,buy,2022-05-15 20:05:31.517838+00:00
2022-05-15T20:05:31.517838Z,9743184,1.34000000,136.00000000,buy,2022-05-15 20:05:31.517838+00:00
2022-05-15T20:05:31.517838Z,9743183,1.34000000,170.16000000,buy,2022-05-15 20:05:31.517838+00:00
2022-05-15T20:05:31.517838Z,9743182,1.34000000,81.45000000,buy,2022-05-15 20:05:31.517838+00:00
2022-05-15T20:05:29.716769Z,9743181,1.34000000,9.45000000,buy,2022-05-15 20:05:29.716769+00:00
2022-05-15T20:05:29.716769Z,9743180,1.34000000,131.04000000,buy,2022-05-15 20:05:29.716769+00:00
2022-05-15T20:05:29.716769Z,9743179,1.34000000,166.03000000,buy,2022-05-15 20:05:29.716769+00:00
2022-05-15T20:05:29.716769Z,9743178,1.34000000,136.00000000,buy,2022-05-15 20:05:29.716769+00:00
2022-05-15T20:05:29.716769Z,9743177,1.34000000,3.60000000,buy,2022-05-15 20:05:29.716769+00:00
2022-05-15T20:05:29.716769Z,9743176,1.34000000,600.00000000,buy,2022-05-15 20:05:29.716769+00:00
2022-05-15T20:04:37.853523Z,9743175,1.35000000,73.92000000,sell,2022-05-15 20:04:37.853523+00:00
2022-05-15T20:04:31.495232Z,9743174,1.34000000,21.24000000,buy,2022-05-15 20:04:31.495232+00:00
2022-05-15T20:04:19.052289Z,9743173,1.34000000,136.00000000,sell,2022-05-15 20:04:19.052289+00:00
2022-05-15T20:04:19.052289Z,9743172,1.34000000,45.42000000,sell,2022-05-15 20:04:19.052289+00:00
2022-05-15T20:04:11.99856Z,9743171,1.34000000,294.58000000,sell,2022-05-15 20:04:11.998560+00:00
2022-05-15T20:04:02.646838Z,9743170,1.35000000,136.00000000,sell,2022-05-15 20:04:02.646838+00:00
2022-05-15T20:04:02.646838Z,9743169,1.34000000,136.00000000,sell,2022-05-15 20:04:02.646838+00:00
2022-05-15T20:03:59.896397Z,9743168,1.34000000,166.18000000,sell,2022-05-15 20:03:59.896397+00:00
2022-05-15T20:03:59.896397Z,9743167,1.34000000,3.60000000,sell,2022-05-15 20:03:59.896397+00:00
2022-05-15T20:03:59.896397Z,9743166,1.34000000,39.42000000,sell,2022-05-15 20:03:59.896397+00:00
2022-05-15T20:03:59.896397Z,9743165,1.34000000,136.00000000,sell,2022-05-15 20:03:59.896397+00:00
2022-05-15T20:03:51.18194Z,9743164,1.34000000,100.35000000,sell,2022-05-15 20:03:51.181940+00:00
2022-05-15T20:03:51.18194Z,9743163,1.34000000,136.00000000,sell,2022-05-15 20:03:51.181940+00:00
2022-05-15T20:03:31.620035Z,9743162,1.34000000,36.45000000,buy,2022-05-15 20:03:31.620035+00:00
2022-05-15T20:03:31.620035Z,9743161,1.34000000,157.05000000,buy,2022-05-15 20:03:31.620035+00:00
2022-05-15T20:03:21.20677Z,9743160,1.34000000,166.29000000,sell,2022-05-15 20:03:21.206770+00:00
2022-05-15T20:03:21.20677Z,9743159,1.34000000,136.00000000,sell,2022-05-15 20:03:21.206770+00:00
2022-05-15T20:03:17.012448Z,9743158,1.34000000,35.37000000,sell,2022-05-15 20:03:17.012448+00:00
2022-05-15T20:03:17.012448Z,9743157,1.34000000,160.99000000,sell,2022-05-15 20:03:17.012448+00:00
2022-05-15T20:03:17.012448Z,9743156,1.34000000,136.00000000,sell,2022-05-15 20:03:17.012448+00:00
2022-05-15T20:03:16.083819Z,9743155,1.34000000,297.28000000,sell,2022-05-15 20:03:16.083819+00:00
2022-05-15T20:02:17.039558Z,9743154,1.34000000,0.81000000,buy,2022-05-15 20:02:17.039558+00:00
2022-05-15T20:02:10.806308Z,9743153,1.34000000,163.83000000,buy,2022-05-15 20:02:10.806308+00:00
2022-05-15T20:02:10.806308Z,9743152,1.34000000,136.00000000,buy,2022-05-15 20:02:10.806308+00:00
2022-05-15T20:02:00.557906Z,9743151,1.34000000,172.13000000,buy,2022-05-15 20:02:00.557906+00:00
2022-05-15T20:02:00.557906Z,9743150,1.34000000,3.60000000,buy,2022-05-15 20:02:00.557906+00:00
2022-05-15T20:02:00.557906Z,9743149,1.34000000,600.00000000,buy,2022-05-15 20:02:00.557906+00:00
2022-05-15T20:02:00.557906Z,9743148,1.34000000,136.00000000,buy,2022-05-15 20:02:00.557906+00:00
2022-05-15T20:01:48.588989Z,9743147,1.34000000,3.60000000,sell,2022-05-15 20:01:48.588989+00:00
2022-05-15T20:01:48.588989Z,9743146,1.34000000,600.00000000,sell,2022-05-15 20:01:48.588989+00:00
2022-05-15T20:01:48.588989Z,9743145,1.34000000,136.00000000,sell,2022-05-15 20:01:48.588989+00:00
2022-05-15T20:01:38.06167Z,9743144,1.34000000,33.66000000,sell,2022-05-15 20:01:38.061670+00:00
2022-05-15T20:01:38.06167Z,9743143,1.34000000,136.00000000,sell,2022-05-15 20:01:38.061670+00:00
2022-05-15T20:01:34.71658Z,9743142,1.33000000,13.84000000,buy,2022-05-15 20:01:34.716580+00:00
2022-05-15T20:01:33.35359Z,9743141,1.34000000,136.00000000,buy,2022-05-15 20:01:33.353590+00:00
2022-05-15T20:01:33.279567Z,9743140,1.34000000,136.00000000,buy,2022-05-15 20:01:33.279567+00:00
2022-05-15T20:01:33.198902Z,9743139,1.34000000,136.00000000,buy,2022-05-15 20:01:33.198902+00:00
2022-05-15T20:01:33.099623Z,9743138,1.34000000,136.00000000,buy,2022-05-15 20:01:33.099623+00:00
2022-05-15T20:01:33.042425Z,9743137,1.34000000,16.56000000,sell,2022-05-15 20:01:33.042425+00:00
2022-05-15T20:01:33.042425Z,9743136,1.34000000,3.60000000,sell,2022-05-15 20:01:33.042425+00:00
2022-05-15T20:01:33.042425Z,9743135,1.34000000,136.00000000,sell,2022-05-15 20:01:33.042425+00:00
2022-05-15T20:01:33.042425Z,9743134,1.34000000,600.00000000,sell,2022-05-15 20:01:33.042425+00:00
2022-05-15T20:01:31.758013Z,9743133,1.34000000,136.00000000,buy,2022-05-15 20:01:31.758013+00:00
2022-05-15T20:01:31.649535Z,9743132,1.34000000,136.00000000,buy,2022-05-15 20:01:31.649535+00:00
2022-05-15T20:01:16.589442Z,9743131,1.34000000,0.20000000,buy,2022-05-15 20:01:16.589442+00:00
2022-05-15T20:01:16.589442Z,9743130,1.34000000,600.00000000,buy,2022-05-15 20:01:16.589442+00:00
2022-05-15T20:01:16.589442Z,9743129,1.34000000,165.89000000,buy,2022-05-15 20:01:16.589442+00:00
2022-05-15T20:01:16.589442Z,9743128,1.34000000,136.00000000,buy,2022-05-15 20:01:16.589442+00:00
2022-05-15T20:01:16.589442Z,9743127,1.34000000,340.00000000,buy,2022-05-15 20:01:16.589442+00:00
2022-05-15T20:01:16.589442Z,9743126,1.34000000,461.16000000,buy,2022-05-15 20:01:16.589442+00:00
2022-05-15T20:00:58.042222Z,9743125,1.35000000,6.64000000,sell,2022-05-15 20:00:58.042222+00:00
2022-05-15T20:00:06.601738Z,9743124,1.35000000,239.67000000,sell,2022-05-15 20:00:06.601738+00:00
2022-05-15T20:00:06.601738Z,9743123,1.35000000,0.26000000,sell,2022-05-15 20:00:06.601738+00:00
2022-05-15T20:00:06.601738Z,9743122,1.35000000,130.07000000,sell,2022-05-15 20:00:06.601738+00:00
2022-05-15T19:59:13.16623Z,9743121,1.35000000,5.93000000,sell,2022-05-15 19:59:13.166230+00:00
2022-05-15T19:58:49.823396Z,9743120,1.34000000,295.59000000,buy,2022-05-15 19:58:49.823396+00:00
2022-05-15T19:58:49.823396Z,9743119,1.34000000,32.82000000,buy,2022-05-15 19:58:49.823396+00:00
2022-05-15T19:58:49.823396Z,9743118,1.34000000,195.06000000,buy,2022-05-15 19:58:49.823396+00:00
2022-05-15T19:58:49.823396Z,9743117,1.34000000,1490.68000000,buy,2022-05-15 19:58:49.823396+00:00
2022-05-15T19:58:49.823396Z,9743116,1.34000000,321.48000000,buy,2022-05-15 19:58:49.823396+00:00
2022-05-15T19:58:49.823396Z,9743115,1.34000000,136.00000000,buy,2022-05-15 19:58:49.823396+00:00
2022-05-15T19:58:49.823396Z,9743114,1.34000000,152.64000000,buy,2022-05-15 19:58:49.823396+00:00
2022-05-15T19:58:11.072913Z,9743113,1.34000000,163.19000000,buy,2022-05-15 19:58:11.072913+00:00
2022-05-15T19:58:11.072913Z,9743112,1.34000000,600.00000000,buy,2022-05-15 19:58:11.072913+00:00
2022-05-15T19:58:11.072913Z,9743111,1.34000000,3.60000000,buy,2022-05-15 19:58:11.072913+00:00
2022-05-15T19:58:11.072913Z,9743110,1.34000000,136.00000000,buy,2022-05-15 19:58:11.072913+00:00
2022-05-15T19:58:07.502994Z,9743109,1.35000000,6.64000000,sell,2022-05-15 19:58:07.502994+00:00
2022-05-15T19:57:18.370766Z,9743108,1.34000000,0.31000000,buy,2022-05-15 19:57:18.370766+00:00
2022-05-15T19:57:07.036028Z,9743107,1.34000000,136.00000000,sell,2022-05-15 19:57:07.036028+00:00
2022-05-15T19:57:07.036028Z,9743106,1.34000000,158.46000000,sell,2022-05-15 19:57:07.036028+00:00
2022-05-15T19:57:07.036028Z,9743105,1.34000000,77.41000000,sell,2022-05-15 19:57:07.036028+00:00
2022-05-15T19:57:06.847145Z,9743104,1.34000000,7.35000000,sell,2022-05-15 19:57:06.847145+00:00
2022-05-15T19:57:05.988985Z,9743103,1.34000000,255.24000000,sell,2022-05-15 19:57:05.988985+00:00
2022-05-15T19:56:40.77537Z,9743102,1.34000000,128.76000000,sell,2022-05-15 19:56:40.775370+00:00
2022-05-15T19:56:25.058057Z,9743101,1.33000000,23.57000000,buy,2022-05-15 19:56:25.058057+00:00
2022-05-15T19:56:25.058057Z,9743100,1.33000000,3.60000000,buy,2022-05-15 19:56:25.058057+00:00
2022-05-15T19:56:25.058057Z,9743099,1.33000000,13.59000000,buy,2022-05-15 19:56:25.058057+00:00
2022-05-15T19:55:58.119312Z,9743098,1.34000000,74.35000000,sell,2022-05-15 19:55:58.119312+00:00
2022-05-15T19:55:38.623685Z,9743097,1.33000000,23.35000000,buy,2022-05-15 19:55:38.623685+00:00
2022-05-15T19:55:38.623685Z,9743096,1.33000000,126.46000000,buy,2022-05-15 19:55:38.623685+00:00
2022-05-15T19:54:41.982272Z,9743095,1.34000000,4.46000000,sell,2022-05-15 19:54:41.982272+00:00
2022-05-15T19:54:41.626224Z,9743094,1.34000000,766.27000000,sell,2022-05-15 19:54:41.626224+00:00
2022-05-15T19:54:41.626224Z,9743093,1.34000000,136.00000000,sell,2022-05-15 19:54:41.626224+00:00
2022-05-15T19:54:05.126096Z,9743092,1.34000000,27.01000000,sell,2022-05-15 19:54:05.126096+00:00
2022-05-15T19:53:00.492118Z,9743091,1.33000000,4.96000000,buy,2022-05-15 19:53:00.492118+00:00
2022-05-15T19:52:49.106915Z,9743090,1.33000000,4.58000000,buy,2022-05-15 19:52:49.106915+00:00
2022-05-15T19:52:28.342213Z,9743089,1.34000000,2260.62000000,sell,2022-05-15 19:52:28.342213+00:00
2022-05-15T19:52:28.342213Z,9743088,1.34000000,3015.38000000,sell,2022-05-15 19:52:28.342213+00:00
2022-05-15T19:52:28.342213Z,9743087,1.34000000,1276.32000000,sell,2022-05-15 19:52:28.342213+00:00
2022-05-15T19:52:28.342213Z,9743086,1.34000000,640.24000000,sell,2022-05-15 19:52:28.342213+00:00
2022-05-15T19:52:28.342213Z,9743085,1.34000000,496.40000000,sell,2022-05-15 19:52:28.342213+00:00
2022-05-15T19:52:28.342213Z,9743084,1.34000000,911.81000000,sell,2022-05-15 19:52:28.342213+00:00
2022-05-15T19:52:28.342213Z,9743083,1.34000000,402.78000000,sell,2022-05-15 19:52:28.342213+00:00
2022-05-15T19:52:28.342213Z,9743082,1.34000000,1494.37000000,sell,2022-05-15 19:52:28.342213+00:00
2022-05-15T19:52:28.342213Z,9743081,1.34000000,50.76000000,sell,2022-05-15 19:52:28.342213+00:00
2022-05-15T19:52:28.342213Z,9743080,1.34000000,333.89000000,sell,2022-05-15 19:52:28.342213+00:00
2022-05-15T19:52:28.342213Z,9743079,1.34000000,3.60000000,sell,2022-05-15 19:52:28.342213+00:00
2022-05-15T19:52:28.342213Z,9743078,1.34000000,167.04000000,sell,2022-05-15 19:52:28.342213+00:00
2022-05-15T19:52:28.342213Z,9743077,1.34000000,332.91000000,sell,2022-05-15 19:52:28.342213+00:00
2022-05-15T19:52:24.214245Z,9743076,1.34000000,7.09000000,sell,2022-05-15 19:52:24.214245+00:00
2022-05-15T19:52:24.214245Z,9743075,1.34000000,64.93000000,sell,2022-05-15 19:52:24.214245+00:00
2022-05-15T19:52:23.244523Z,9743074,1.34000000,35.65000000,sell,2022-05-15 19:52:23.244523+00:00
2022-05-15T19:49:11.997817Z,9743073,1.34000000,14.93000000,sell,2022-05-15 19:49:11.997817+00:00
2022-05-15T19:49:07.883348Z,9743072,1.34000000,20.49000000,sell,2022-05-15 19:49:07.883348+00:00
2022-05-15T19:49:07.883348Z,9743071,1.34000000,15.16000000,sell,2022-05-15 19:49:07.883348+00:00
2022-05-15T19:46:26.945396Z,9743070,1.34000000,11.20000000,sell,2022-05-15 19:46:26.945396+00:00
2022-05-15T19:46:25.980884Z,9743069,1.34000000,33.84000000,sell,2022-05-15 19:46:25.980884+00:00
2022-05-15T19:46:25.980884Z,9743068,1.34000000,34.36000000,sell,2022-05-15 19:46:25.980884+00:00
2022-05-15T19:45:37.381858Z,9743067,1.33000000,136.00000000,sell,2022-05-15 19:45:37.381858+00:00
2022-05-15T19:45:37.381858Z,9743066,1.33000000,97.47000000,sell,2022-05-15 19:45:37.381858+00:00
2022-05-15T19:45:37.381858Z,9743065,1.33000000,47.70000000,sell,2022-05-15 19:45:37.381858+00:00
2022-05-15T19:45:37.381858Z,9743064,1.33000000,138.83000000,sell,2022-05-15 19:45:37.381858+00:00
2022-05-15T19:45:36.248968Z,9743063,1.33000000,201.17000000,sell,2022-05-15 19:45:36.248968+00:00
2022-05-15T19:45:36.248968Z,9743062,1.33000000,34.41000000,sell,2022-05-15 19:45:36.248968+00:00
2022-05-15T19:45:23.583958Z,9743061,1.32000000,1322.55000000,buy,2022-05-15 19:45:23.583958+00:00
2022-05-15T19:45:23.583958Z,9743060,1.32000000,173.79000000,buy,2022-05-15 19:45:23.583958+00:00
2022-05-15T19:45:23.583958Z,9743059,1.32000000,136.00000000,buy,2022-05-15 19:45:23.583958+00:00
2022-05-15T19:45:23.583958Z,9743058,1.32000000,3.60000000,buy,2022-05-15 19:45:23.583958+00:00
2022-05-15T19:45:23.583958Z,9743057,1.32000000,481.64000000,buy,2022-05-15 19:45:23.583958+00:00
2022-05-15T19:45:23.583958Z,9743056,1.32000000,926.76000000,buy,2022-05-15 19:45:23.583958+00:00
2022-05-15T19:45:23.583958Z,9743055,1.32000000,147.66000000,buy,2022-05-15 19:45:23.583958+00:00
2022-05-15T19:44:45.396894Z,9743054,1.33000000,0.11000000,sell,2022-05-15 19:44:45.396894+00:00
2022-05-15T19:44:29.344915Z,9743053,1.32000000,139.83000000,buy,2022-05-15 19:44:29.344915+00:00
2022-05-15T19:44:07.074176Z,9743052,1.33000000,2.56000000,sell,2022-05-15 19:44:07.074176+00:00
2022-05-15T19:43:57.539111Z,9743051,1.33000000,0.16000000,sell,2022-05-15 19:43:57.539111+00:00
2022-05-15T19:43:24.963212Z,9743050,1.33000000,98.76000000,sell,2022-05-15 19:43:24.963212+00:00
2022-05-15T19:42:57.922371Z,9743049,1.32000000,51.51000000,buy,2022-05-15 19:42:57.922371+00:00
2022-05-15T19:42:34.084235Z,9743048,1.32000000,1.00000000,buy,2022-05-15 19:42:34.084235+00:00
2022-05-15T19:41:23.490579Z,9743047,1.33000000,24.70000000,sell,2022-05-15 19:41:23.490579+00:00
2022-05-15T19:40:53.857149Z,9743046,1.33000000,3.00000000,sell,2022-05-15 19:40:53.857149+00:00
2022-05-15T19:39:32.485343Z,9743045,1.32000000,0.10000000,buy,2022-05-15 19:39:32.485343+00:00
2022-05-15T19:37:44.100359Z,9743044,1.32000000,0.49000000,buy,2022-05-15 19:37:44.100359+00:00
2022-05-15T19:37:41.329246Z,9743043,1.33000000,0.15000000,sell,2022-05-15 19:37:41.329246+00:00
2022-05-15T19:35:02.338271Z,9743042,1.33000000,12.96000000,sell,2022-05-15 19:35:02.338271+00:00
2022-05-15T19:35:02.338271Z,9743041,1.33000000,340.00000000,sell,2022-05-15 19:35:02.338271+00:00
2022-05-15T19:35:02.338271Z,9743040,1.33000000,3.60000000,sell,2022-05-15 19:35:02.338271+00:00
2022-05-15T19:35:02.338271Z,9743039,1.33000000,136.00000000,sell,2022-05-15 19:35:02.338271+00:00
2022-05-15T19:35:02.338271Z,9743038,1.33000000,159.71000000,sell,2022-05-15 19:35:02.338271+00:00
2022-05-15T19:35:02.338271Z,9743037,1.33000000,347.73000000,sell,2022-05-15 19:35:02.338271+00:00
2022-05-15T19:34:49.75388Z,9743036,1.32000000,79.20000000,buy,2022-05-15 19:34:49.753880+00:00
2022-05-15T19:34:49.75388Z,9743035,1.32000000,171.69000000,buy,2022-05-15 19:34:49.753880+00:00
2022-05-15T19:34:49.75388Z,9743034,1.32000000,128.11000000,buy,2022-05-15 19:34:49.753880+00:00
2022-05-15T19:34:25.322888Z,9743033,1.32000000,7.78000000,buy,2022-05-15 19:34:25.322888+00:00
2022-05-15T19:32:53.398279Z,9743032,1.33000000,136.00000000,buy,2022-05-15 19:32:53.398279+00:00
2022-05-15T19:32:51.713351Z,9743031,1.33000000,49.54000000,sell,2022-05-15 19:32:51.713351+00:00
2022-05-15T19:32:51.713351Z,9743030,1.33000000,174.93000000,sell,2022-05-15 19:32:51.713351+00:00
2022-05-15T19:32:51.693666Z,9743029,1.33000000,167.20000000,sell,2022-05-15 19:32:51.693666+00:00
2022-05-15T19:32:46.719594Z,9743028,1.32000000,0.11000000,buy,2022-05-15 19:32:46.719594+00:00
2022-05-15T19:31:30.113949Z,9743027,1.33000000,345.93000000,sell,2022-05-15 19:31:30.113949+00:00
2022-05-15T19:31:30.113949Z,9743026,1.33000000,96.36000000,sell,2022-05-15 19:31:30.113949+00:00
2022-05-15T19:31:22.877706Z,9743025,1.33000000,3.56000000,sell,2022-05-15 19:31:22.877706+00:00
2022-05-15T19:31:22.877706Z,9743024,1.33000000,0.34000000,sell,2022-05-15 19:31:22.877706+00:00
2022-05-15T19:31:22.652304Z,9743023,1.33000000,160.37000000,sell,2022-05-15 19:31:22.652304+00:00
2022-05-15T19:31:22.652304Z,9743022,1.33000000,42.35000000,sell,2022-05-15 19:31:22.652304+00:00
2022-05-15T19:30:30.817423Z,9743021,1.33000000,1.02000000,sell,2022-05-15 19:30:30.817423+00:00
2022-05-15T19:29:54.622456Z,9743020,1.32000000,136.00000000,sell,2022-05-15 19:29:54.622456+00:00
2022-05-15T19:29:54.622456Z,9743019,1.32000000,152.42000000,sell,2022-05-15 19:29:54.622456+00:00
2022-05-15T19:29:53.079771Z,9743018,1.32000000,178.28000000,sell,2022-05-15 19:29:53.079771+00:00
2022-05-15T19:29:53.079771Z,9743017,1.32000000,131.04000000,sell,2022-05-15 19:29:53.079771+00:00
2022-05-15T19:29:06.563084Z,9743016,1.32000000,4.96000000,sell,2022-05-15 19:29:06.563084+00:00
2022-05-15T19:28:33.093689Z,9743015,1.31000000,76.54000000,buy,2022-05-15 19:28:33.093689+00:00
2022-05-15T19:28:25.648754Z,9743014,1.32000000,593.64000000,sell,2022-05-15 19:28:25.648754+00:00
2022-05-15T19:28:25.648754Z,9743013,1.32000000,3.60000000,sell,2022-05-15 19:28:25.648754+00:00
2022-05-15T19:28:25.648754Z,9743012,1.32000000,136.00000000,sell,2022-05-15 19:28:25.648754+00:00
2022-05-15T19:28:20.504945Z,9743011,1.32000000,159.25000000,buy,2022-05-15 19:28:20.504945+00:00
2022-05-15T19:28:20.504945Z,9743010,1.32000000,3.60000000,buy,2022-05-15 19:28:20.504945+00:00
2022-05-15T19:28:20.504945Z,9743009,1.32000000,136.00000000,buy,2022-05-15 19:28:20.504945+00:00
2022-05-15T19:28:20.504945Z,9743008,1.32000000,146.52000000,buy,2022-05-15 19:28:20.504945+00:00
2022-05-15T19:28:02.23759Z,9743007,1.31000000,108.24000000,buy,2022-05-15 19:28:02.237590+00:00
2022-05-15T19:28:02.23759Z,9743006,1.31000000,1417.61000000,buy,2022-05-15 19:28:02.237590+00:00
2022-05-15T19:28:02.23759Z,9743005,1.32000000,136.00000000,buy,2022-05-15 19:28:02.237590+00:00
2022-05-15T19:28:01.396857Z,9743004,1.32000000,115.38000000,sell,2022-05-15 19:28:01.396857+00:00
2022-05-15T19:28:01.396857Z,9743003,1.32000000,200.00000000,sell,2022-05-15 19:28:01.396857+00:00
2022-05-15T19:28:01.396857Z,9743002,1.32000000,136.00000000,sell,2022-05-15 19:28:01.396857+00:00
2022-05-15T19:28:01.148133Z,9743001,1.32000000,600.00000000,buy,2022-05-15 19:28:01.148133+00:00
2022-05-15T19:28:01.148133Z,9743000,1.32000000,159.78000000,buy,2022-05-15 19:28:01.148133+00:00
2022-05-15T19:28:01.148133Z,9742999,1.32000000,45.27000000,buy,2022-05-15 19:28:01.148133+00:00
2022-05-15T19:28:01.148133Z,9742998,1.32000000,3.60000000,buy,2022-05-15 19:28:01.148133+00:00
2022-05-15T19:28:01.148133Z,9742997,1.32000000,136.00000000,buy,2022-05-15 19:28:01.148133+00:00
2022-05-15T19:28:01.148133Z,9742996,1.32000000,132.12000000,buy,2022-05-15 19:28:01.148133+00:00
2022-05-15T19:27:58.89107Z,9742995,1.33000000,7.48000000,sell,2022-05-15 19:27:58.891070+00:00
2022-05-15T19:27:19.577537Z,9742994,1.32000000,136.00000000,sell,2022-05-15 19:27:19.577537+00:00
2022-05-15T19:27:18.290112Z,9742993,1.32000000,136.00000000,sell,2022-05-15 19:27:18.290112+00:00
2022-05-15T19:27:18.229703Z,9742992,1.32000000,136.00000000,sell,2022-05-15 19:27:18.229703+00:00
2022-05-15T19:27:18.229703Z,9742991,1.32000000,77.85000000,sell,2022-05-15 19:27:18.229703+00:00
2022-05-15T19:27:07.098081Z,9742990,1.31000000,107.15000000,buy,2022-05-15 19:27:07.098081+00:00
2022-05-15T19:27:02.855103Z,9742989,1.32000000,710.27000000,sell,2022-05-15 19:27:02.855103+00:00
2022-05-15T19:27:02.855103Z,9742988,1.32000000,136.00000000,sell,2022-05-15 19:27:02.855103+00:00
2022-05-15T19:27:02.015263Z,9742987,1.32000000,136.00000000,buy,2022-05-15 19:27:02.015263+00:00
2022-05-15T19:27:02.015263Z,9742986,1.32000000,136.00000000,buy,2022-05-15 19:27:02.015263+00:00
2022-05-15T19:27:01.814065Z,9742985,1.32000000,136.00000000,sell,2022-05-15 19:27:01.814065+00:00
2022-05-15T19:27:01.814065Z,9742984,1.32000000,123.39000000,sell,2022-05-15 19:27:01.814065+00:00
2022-05-15T19:27:01.728713Z,9742983,1.32000000,136.00000000,sell,2022-05-15 19:27:01.728713+00:00
2022-05-15T19:27:01.728713Z,9742982,1.32000000,8.01000000,sell,2022-05-15 19:27:01.728713+00:00
2022-05-15T19:27:01.672271Z,9742981,1.32000000,42.45000000,sell,2022-05-15 19:27:01.672271+00:00
2022-05-15T19:27:01.656124Z,9742980,1.32000000,42.45000000,sell,2022-05-15 19:27:01.656124+00:00
2022-05-15T19:27:01.652523Z,9742979,1.32000000,383.53000000,sell,2022-05-15 19:27:01.652523+00:00
2022-05-15T19:27:01.648494Z,9742978,1.32000000,1474.02000000,sell,2022-05-15 19:27:01.648494+00:00
2022-05-15T19:27:01.648494Z,9742977,1.32000000,136.00000000,sell,2022-05-15 19:27:01.648494+00:00
2022-05-15T19:27:01.648494Z,9742976,1.32000000,3.60000000,sell,2022-05-15 19:27:01.648494+00:00
2022-05-15T19:27:01.648494Z,9742975,1.32000000,157.45000000,sell,2022-05-15 19:27:01.648494+00:00
2022-05-15T19:26:34.989426Z,9742974,1.32000000,0.13000000,sell,2022-05-15 19:26:34.989426+00:00
2022-05-15T19:26:26.768544Z,9742973,1.32000000,70.11000000,sell,2022-05-15 19:26:26.768544+00:00
2022-05-15T19:26:05.508554Z,9742972,1.32000000,0.41000000,sell,2022-05-15 19:26:05.508554+00:00
2022-05-15T19:25:28.201795Z,9742971,1.32000000,1.55000000,sell,2022-05-15 19:25:28.201795+00:00
2022-05-15T19:24:41.416399Z,9742970,1.32000000,110.35000000,sell,2022-05-15 19:24:41.416399+00:00
2022-05-15T19:24:41.416399Z,9742969,1.32000000,0.47000000,sell,2022-05-15 19:24:41.416399+00:00
2022-05-15T19:24:25.512326Z,9742968,1.31000000,1.35000000,buy,2022-05-15 19:24:25.512326+00:00
2022-05-15T19:24:13.883203Z,9742967,1.32000000,17.72000000,sell,2022-05-15 19:24:13.883203+00:00
2022-05-15T19:22:13.299691Z,9742966,1.32000000,117.81000000,sell,2022-05-15 19:22:13.299691+00:00
2022-05-15T19:22:13.299691Z,9742965,1.32000000,0.21000000,sell,2022-05-15 19:22:13.299691+00:00
2022-05-15T19:21:00.793918Z,9742964,1.31000000,13.47000000,buy,2022-05-15 19:21:00.793918+00:00
2022-05-15T19:20:49.010295Z,9742963,1.32000000,0.12000000,sell,2022-05-15 19:20:49.010295+00:00
2022-05-15T19:17:45.715991Z,9742962,1.32000000,187.33000000,sell,2022-05-15 19:17:45.715991+00:00
2022-05-15T19:17:45.715991Z,9742961,1.32000000,75.42000000,sell,2022-05-15 19:17:45.715991+00:00
2022-05-15T19:17:45.715991Z,9742960,1.32000000,116.25000000,sell,2022-05-15 19:17:45.715991+00:00
2022-05-15T19:16:13.359863Z,9742959,1.32000000,56.13000000,sell,2022-05-15 19:16:13.359863+00:00
2022-05-15T19:16:13.359863Z,9742958,1.32000000,3.60000000,sell,2022-05-15 19:16:13.359863+00:00
2022-05-15T19:16:13.359863Z,9742957,1.32000000,88.78000000,sell,2022-05-15 19:16:13.359863+00:00
2022-05-15T19:15:19.217666Z,9742956,1.32000000,73.13000000,sell,2022-05-15 19:15:19.217666+00:00
2022-05-15T19:13:13.687741Z,9742955,1.31000000,1524.87000000,buy,2022-05-15 19:13:13.687741+00:00
2022-05-15T19:13:13.687741Z,9742954,1.31000000,3.60000000,buy,2022-05-15 19:13:13.687741+00:00
2022-05-15T19:13:13.687741Z,9742953,1.31000000,177.28000000,buy,2022-05-15 19:13:13.687741+00:00
2022-05-15T19:13:13.687741Z,9742952,1.31000000,136.00000000,buy,2022-05-15 19:13:13.687741+00:00
2022-05-15T19:13:13.687741Z,9742951,1.31000000,169.36000000,buy,2022-05-15 19:13:13.687741+00:00
2022-05-15T19:13:13.678222Z,9742950,1.31000000,170.64000000,buy,2022-05-15 19:13:13.678222+00:00
2022-05-15T19:13:13.678222Z,9742949,1.31000000,0.20000000,buy,2022-05-15 19:13:13.678222+00:00
2022-05-15T19:12:25.134091Z,9742948,1.32000000,166.42000000,sell,2022-05-15 19:12:25.134091+00:00
2022-05-15T19:12:25.134091Z,9742947,1.32000000,136.00000000,sell,2022-05-15 19:12:25.134091+00:00
2022-05-15T19:11:22.642679Z,9742946,1.31000000,72.36000000,buy,2022-05-15 19:11:22.642679+00:00
2022-05-15T19:10:54.062076Z,9742945,1.32000000,11.79000000,sell,2022-05-15 19:10:54.062076+00:00
2022-05-15T19:09:31.931015Z,9742944,1.31000000,510.79000000,buy,2022-05-15 19:09:31.931015+00:00
2022-05-15T19:09:31.931015Z,9742943,1.31000000,158.83000000,buy,2022-05-15 19:09:31.931015+00:00
2022-05-15T19:09:31.931015Z,9742942,1.31000000,340.00000000,buy,2022-05-15 19:09:31.931015+00:00
2022-05-15T19:09:31.931015Z,9742941,1.31000000,647.11000000,buy,2022-05-15 19:09:31.931015+00:00
2022-05-15T19:09:31.931015Z,9742940,1.31000000,624.64000000,buy,2022-05-15 19:09:31.931015+00:00
2022-05-15T19:08:56.948552Z,9742939,1.31000000,10.38000000,buy,2022-05-15 19:08:56.948552+00:00
2022-05-15T19:06:35.532327Z,9742938,1.32000000,3.60000000,sell,2022-05-15 19:06:35.532327+00:00
2022-05-15T19:06:35.496922Z,9742937,1.32000000,3.60000000,buy,2022-05-15 19:06:35.496922+00:00
2022-05-15T19:06:35.496922Z,9742936,1.32000000,14.40000000,buy,2022-05-15 19:06:35.496922+00:00
2022-05-15T19:06:25.488887Z,9742935,1.32000000,18.27000000,buy,2022-05-15 19:06:25.488887+00:00
2022-05-15T19:06:25.488887Z,9742934,1.32000000,136.00000000,buy,2022-05-15 19:06:25.488887+00:00
2022-05-15T19:06:24.842578Z,9742933,1.32000000,7.29000000,buy,2022-05-15 19:06:24.842578+00:00
2022-05-15T19:06:24.842578Z,9742932,1.32000000,42.93000000,buy,2022-05-15 19:06:24.842578+00:00
2022-05-15T19:06:24.842578Z,9742931,1.32000000,136.00000000,buy,2022-05-15 19:06:24.842578+00:00
2022-05-15T19:06:21.334338Z,9742930,1.32000000,136.33000000,sell,2022-05-15 19:06:21.334338+00:00
2022-05-15T19:06:21.334338Z,9742929,1.32000000,291.69000000,sell,2022-05-15 19:06:21.334338+00:00
2022-05-15T19:06:21.203171Z,9742928,1.32000000,242.43000000,sell,2022-05-15 19:06:21.203171+00:00
2022-05-15T19:06:21.195519Z,9742927,1.32000000,65.88000000,sell,2022-05-15 19:06:21.195519+00:00
2022-05-15T19:06:21.195519Z,9742926,1.32000000,165.50000000,sell,2022-05-15 19:06:21.195519+00:00
2022-05-15T19:06:17.645441Z,9742925,1.32000000,174.50000000,sell,2022-05-15 19:06:17.645441+00:00
2022-05-15T19:06:17.645441Z,9742924,1.32000000,19.17000000,sell,2022-05-15 19:06:17.645441+00:00
2022-05-15T19:06:17.628149Z,9742923,1.32000000,163.24000000,sell,2022-05-15 19:06:17.628149+00:00
2022-05-15T19:06:17.628149Z,9742922,1.32000000,3.60000000,sell,2022-05-15 19:06:17.628149+00:00
2022-05-15T19:06:17.628149Z,9742921,1.32000000,65.81000000,sell,2022-05-15 19:06:17.628149+00:00
2022-05-15T19:06:17.60274Z,9742920,1.32000000,70.19000000,sell,2022-05-15 19:06:17.602740+00:00
2022-05-15T19:06:17.60274Z,9742919,1.32000000,669.53000000,sell,2022-05-15 19:06:17.602740+00:00
2022-05-15T19:06:17.60274Z,9742918,1.32000000,478.23000000,sell,2022-05-15 19:06:17.602740+00:00
2022-05-15T19:06:17.60274Z,9742917,1.32000000,978.80000000,sell,2022-05-15 19:06:17.602740+00:00
2022-05-15T19:05:38.932151Z,9742916,1.32000000,15.45000000,sell,2022-05-15 19:05:38.932151+00:00
2022-05-15T19:04:45.471346Z,9742915,1.32000000,33.29000000,sell,2022-05-15 19:04:45.471346+00:00
2022-05-15T19:03:06.904809Z,9742914,1.32000000,242.52000000,sell,2022-05-15 19:03:06.904809+00:00
2022-05-15T19:03:06.904809Z,9742913,1.32000000,180.48000000,sell,2022-05-15 19:03:06.904809+00:00
2022-05-15T19:03:06.904809Z,9742912,1.32000000,0.21000000,sell,2022-05-15 19:03:06.904809+00:00
2022-05-15T19:03:06.904809Z,9742911,1.32000000,98.76000000,sell,2022-05-15 19:03:06.904809+00:00
2022-05-15T19:03:06.904809Z,9742910,1.32000000,77.15000000,sell,2022-05-15 19:03:06.904809+00:00
2022-05-15T19:03:06.904809Z,9742909,1.32000000,184.45000000,sell,2022-05-15 19:03:06.904809+00:00
2022-05-15T19:03:06.904809Z,9742908,1.32000000,3.60000000,sell,2022-05-15 19:03:06.904809+00:00
2022-05-15T19:03:06.904809Z,9742907,1.32000000,600.00000000,sell,2022-05-15 19:03:06.904809+00:00
2022-05-15T19:03:06.904809Z,9742906,1.32000000,98.31000000,sell,2022-05-15 19:03:06.904809+00:00
2022-05-15T19:02:48.889139Z,9742905,1.31000000,7.66000000,buy,2022-05-15 19:02:48.889139+00:00
2022-05-15T19:02:41.525795Z,9742904,1.32000000,37.69000000,sell,2022-05-15 19:02:41.525795+00:00
2022-05-15T19:02:34.921878Z,9742903,1.31000000,11.98000000,buy,2022-05-15 19:02:34.921878+00:00
2022-05-15T19:02:28.683945Z,9742902,1.31000000,268.93000000,buy,2022-05-15 19:02:28.683945+00:00
2022-05-15T19:02:28.683945Z,9742901,1.31000000,0.20000000,buy,2022-05-15 19:02:28.683945+00:00
2022-05-15T19:02:28.683945Z,9742900,1.31000000,466.94000000,buy,2022-05-15 19:02:28.683945+00:00
2022-05-15T19:02:28.683945Z,9742899,1.31000000,1392.08000000,buy,2022-05-15 19:02:28.683945+00:00
2022-05-15T19:02:28.683945Z,9742898,1.32000000,136.00000000,buy,2022-05-15 19:02:28.683945+00:00
2022-05-15T19:02:21.539968Z,9742897,1.32000000,0.10000000,buy,2022-05-15 19:02:21.539968+00:00
2022-05-15T19:02:21.539968Z,9742896,1.32000000,73.89000000,buy,2022-05-15 19:02:21.539968+00:00
2022-05-15T19:02:21.539968Z,9742895,1.32000000,70.02000000,buy,2022-05-15 19:02:21.539968+00:00
2022-05-15T19:02:21.520977Z,9742894,1.32000000,196.70000000,buy,2022-05-15 19:02:21.520977+00:00
2022-05-15T19:02:21.51014Z,9742893,1.32000000,333.28000000,buy,2022-05-15 19:02:21.510140+00:00
2022-05-15T19:02:21.51014Z,9742892,1.32000000,136.00000000,buy,2022-05-15 19:02:21.510140+00:00
2022-05-15T19:02:21.51014Z,9742891,1.32000000,340.00000000,buy,2022-05-15 19:02:21.510140+00:00
2022-05-15T19:02:21.51014Z,9742890,1.32000000,170.92000000,buy,2022-05-15 19:02:21.510140+00:00
2022-05-15T19:02:20.463797Z,9742889,1.33000000,21.82000000,sell,2022-05-15 19:02:20.463797+00:00
2022-05-15T19:02:11.613373Z,9742888,1.32000000,0.40000000,buy,2022-05-15 19:02:11.613373+00:00
2022-05-15T19:01:56.971975Z,9742887,1.33000000,1.47000000,sell,2022-05-15 19:01:56.971975+00:00
2022-05-15T19:01:50.352886Z,9742886,1.32000000,42.03000000,buy,2022-05-15 19:01:50.352886+00:00
2022-05-15T19:01:09.665969Z,9742885,1.32000000,63.47000000,buy,2022-05-15 19:01:09.665969+00:00
2022-05-15T19:01:09.665969Z,9742884,1.32000000,3.60000000,buy,2022-05-15 19:01:09.665969+00:00
2022-05-15T19:01:03.037002Z,9742883,1.33000000,17.59000000,sell,2022-05-15 19:01:03.037002+00:00
2022-05-15T18:56:26.473043Z,9742882,1.33000000,14.31000000,sell,2022-05-15 18:56:26.473043+00:00
2022-05-15T18:55:34.609513Z,9742881,1.32000000,310.94000000,buy,2022-05-15 18:55:34.609513+00:00
2022-05-15T18:55:27.480397Z,9742880,1.32000000,78.68000000,buy,2022-05-15 18:55:27.480397+00:00
2022-05-15T18:55:27.480397Z,9742879,1.32000000,132.36000000,buy,2022-05-15 18:55:27.480397+00:00
2022-05-15T18:53:45.97081Z,9742878,1.33000000,4.54000000,sell,2022-05-15 18:53:45.970810+00:00
2022-05-15T18:53:45.97081Z,9742877,1.33000000,168.37000000,sell,2022-05-15 18:53:45.970810+00:00
2022-05-15T18:53:45.97081Z,9742876,1.33000000,231.16000000,sell,2022-05-15 18:53:45.970810+00:00
2022-05-15T18:53:21.66039Z,9742875,1.32000000,3.64000000,buy,2022-05-15 18:53:21.660390+00:00
2022-05-15T18:52:22.745979Z,9742874,1.32000000,136.00000000,sell,2022-05-15 18:52:22.745979+00:00
2022-05-15T18:52:17.470162Z,9742873,1.32000000,173.64000000,sell,2022-05-15 18:52:17.470162+00:00
2022-05-15T18:52:17.470162Z,9742872,1.32000000,136.00000000,sell,2022-05-15 18:52:17.470162+00:00
2022-05-15T18:52:16.415991Z,9742871,1.32000000,173.64000000,sell,2022-05-15 18:52:16.415991+00:00
2022-05-15T18:52:16.415991Z,9742870,1.32000000,132.57000000,sell,2022-05-15 18:52:16.415991+00:00
2022-05-15T18:52:16.415991Z,9742869,1.32000000,3.60000000,sell,2022-05-15 18:52:16.415991+00:00
2022-05-15T18:52:16.415991Z,9742868,1.32000000,136.00000000,sell,2022-05-15 18:52:16.415991+00:00
2022-05-15T18:52:16.415991Z,9742867,1.32000000,600.00000000,sell,2022-05-15 18:52:16.415991+00:00
2022-05-15T18:51:52.110241Z,9742866,1.32000000,3.60000000,buy,2022-05-15 18:51:52.110241+00:00
2022-05-15T18:51:51.963473Z,9742865,1.32000000,136.00000000,buy,2022-05-15 18:51:51.963473+00:00
2022-05-15T18:51:51.963473Z,9742864,1.32000000,33.57000000,buy,2022-05-15 18:51:51.963473+00:00
2022-05-15T18:51:51.832995Z,9742863,1.32000000,177.20000000,buy,2022-05-15 18:51:51.832995+00:00
2022-05-15T18:51:51.832995Z,9742862,1.32000000,4.32000000,buy,2022-05-15 18:51:51.832995+00:00
2022-05-15T18:51:51.832995Z,9742861,1.32000000,32.31000000,buy,2022-05-15 18:51:51.832995+00:00
2022-05-15T18:51:49.775777Z,9742860,1.32000000,103.69000000,buy,2022-05-15 18:51:49.775777+00:00
2022-05-15T18:51:49.775777Z,9742859,1.32000000,69.93000000,buy,2022-05-15 18:51:49.775777+00:00
2022-05-15T18:51:48.924738Z,9742858,1.32000000,3.60000000,sell,2022-05-15 18:51:48.924738+00:00
2022-05-15T18:51:48.924738Z,9742857,1.32000000,136.00000000,sell,2022-05-15 18:51:48.924738+00:00
2022-05-15T18:51:48.924738Z,9742856,1.32000000,600.00000000,sell,2022-05-15 18:51:48.924738+00:00
2022-05-15T18:51:46.49186Z,9742855,1.32000000,1.86000000,sell,2022-05-15 18:51:46.491860+00:00
2022-05-15T18:51:46.459916Z,9742854,1.32000000,2.17000000,buy,2022-05-15 18:51:46.459916+00:00
2022-05-15T18:51:46.448244Z,9742853,1.32000000,2.16000000,buy,2022-05-15 18:51:46.448244+00:00
2022-05-15T18:51:46.389771Z,9742852,1.32000000,155.48000000,buy,2022-05-15 18:51:46.389771+00:00
2022-05-15T18:51:46.380946Z,9742851,1.32000000,17.14000000,buy,2022-05-15 18:51:46.380946+00:00
2022-05-15T18:51:46.357519Z,9742850,1.32000000,12.86000000,buy,2022-05-15 18:51:46.357519+00:00
2022-05-15T18:51:46.357519Z,9742849,1.32000000,3.60000000,buy,2022-05-15 18:51:46.357519+00:00
2022-05-15T18:51:46.278124Z,9742848,1.32000000,136.00000000,buy,2022-05-15 18:51:46.278124+00:00
2022-05-15T18:51:46.278124Z,9742847,1.32000000,173.85000000,buy,2022-05-15 18:51:46.278124+00:00
2022-05-15T18:51:43.926087Z,9742846,1.32000000,176.23000000,buy,2022-05-15 18:51:43.926087+00:00
2022-05-15T18:51:43.926087Z,9742845,1.32000000,136.00000000,buy,2022-05-15 18:51:43.926087+00:00
2022-05-15T18:51:43.926087Z,9742844,1.32000000,59.57000000,buy,2022-05-15 18:51:43.926087+00:00
2022-05-15T18:51:43.704146Z,9742843,1.32000000,219.48000000,buy,2022-05-15 18:51:43.704146+00:00
2022-05-15T18:51:43.69315Z,9742842,1.32000000,320.95000000,buy,2022-05-15 18:51:43.693150+00:00
2022-05-15T18:51:43.69315Z,9742841,1.32000000,136.00000000,buy,2022-05-15 18:51:43.693150+00:00
2022-05-15T18:51:43.69315Z,9742840,1.32000000,162.16000000,buy,2022-05-15 18:51:43.693150+00:00
2022-05-15T18:51:30.823987Z,9742839,1.33000000,4.26000000,sell,2022-05-15 18:51:30.823987+00:00
2022-05-15T18:51:23.161658Z,9742838,1.32000000,136.00000000,buy,2022-05-15 18:51:23.161658+00:00
2022-05-15T18:51:23.161658Z,9742837,1.32000000,173.25000000,buy,2022-05-15 18:51:23.161658+00:00
2022-05-15T18:51:22.854074Z,9742836,1.32000000,195.06000000,buy,2022-05-15 18:51:22.854074+00:00
2022-05-15T18:51:22.854074Z,9742835,1.32000000,136.00000000,buy,2022-05-15 18:51:22.854074+00:00
2022-05-15T18:51:22.854074Z,9742834,1.32000000,127.33000000,buy,2022-05-15 18:51:22.854074+00:00
2022-05-15T18:51:15.593509Z,9742833,1.33000000,21.57000000,sell,2022-05-15 18:51:15.593509+00:00
2022-05-15T18:48:39.986688Z,9742832,1.33000000,850.44000000,sell,2022-05-15 18:48:39.986688+00:00
2022-05-15T18:48:39.986688Z,9742831,1.33000000,600.00000000,sell,2022-05-15 18:48:39.986688+00:00
2022-05-15T18:48:39.986688Z,9742830,1.33000000,3.60000000,sell,2022-05-15 18:48:39.986688+00:00
2022-05-15T18:48:39.986688Z,9742829,1.33000000,319.47000000,sell,2022-05-15 18:48:39.986688+00:00
2022-05-15T18:48:39.986688Z,9742828,1.33000000,69.38000000,sell,2022-05-15 18:48:39.986688+00:00
2022-05-15T18:47:19.567999Z,9742827,1.33000000,85.03000000,sell,2022-05-15 18:47:19.567999+00:00
2022-05-15T18:47:19.567999Z,9742826,1.33000000,136.00000000,sell,2022-05-15 18:47:19.567999+00:00
2022-05-15T18:46:31.705131Z,9742825,1.32000000,239.73000000,buy,2022-05-15 18:46:31.705131+00:00
2022-05-15T18:46:31.705131Z,9742824,1.32000000,40.77000000,buy,2022-05-15 18:46:31.705131+00:00
2022-05-15T18:46:07.529146Z,9742823,1.32000000,13.42000000,buy,2022-05-15 18:46:07.529146+00:00
2022-05-15T18:46:04.174337Z,9742822,1.32000000,97.93000000,buy,2022-05-15 18:46:04.174337+00:00
2022-05-15T18:46:04.174337Z,9742821,1.32000000,136.00000000,buy,2022-05-15 18:46:04.174337+00:00
2022-05-15T18:45:07.205034Z,9742820,1.33000000,103.85000000,buy,2022-05-15 18:45:07.205034+00:00
2022-05-15T18:45:07.205034Z,9742819,1.33000000,136.00000000,buy,2022-05-15 18:45:07.205034+00:00
2022-05-15T18:45:07.205034Z,9742818,1.33000000,141.21000000,buy,2022-05-15 18:45:07.205034+00:00
2022-05-15T18:45:05.510397Z,9742817,1.33000000,136.00000000,sell,2022-05-15 18:45:05.510397+00:00
2022-05-15T18:45:05.510397Z,9742816,1.33000000,155.33000000,sell,2022-05-15 18:45:05.510397+00:00
2022-05-15T18:45:05.353188Z,9742815,1.33000000,348.58000000,sell,2022-05-15 18:45:05.353188+00:00
2022-05-15T18:45:05.353188Z,9742814,1.33000000,136.00000000,sell,2022-05-15 18:45:05.353188+00:00
2022-05-15T18:45:05.243526Z,9742813,1.33000000,136.00000000,sell,2022-05-15 18:45:05.243526+00:00
2022-05-15T18:45:05.203253Z,9742812,1.33000000,136.00000000,buy,2022-05-15 18:45:05.203253+00:00
2022-05-15T18:45:05.172854Z,9742811,1.33000000,3.60000000,buy,2022-05-15 18:45:05.172854+00:00
2022-05-15T18:45:05.172854Z,9742810,1.33000000,136.00000000,buy,2022-05-15 18:45:05.172854+00:00
2022-05-15T18:45:05.172854Z,9742809,1.33000000,34.65000000,buy,2022-05-15 18:45:05.172854+00:00
2022-05-15T18:45:05.172854Z,9742808,1.33000000,600.00000000,buy,2022-05-15 18:45:05.172854+00:00
2022-05-15T18:45:01.317542Z,9742807,1.33000000,3.60000000,sell,2022-05-15 18:45:01.317542+00:00
2022-05-15T18:45:01.267273Z,9742806,1.33000000,4.00000000,sell,2022-05-15 18:45:01.267273+00:00
2022-05-15T18:45:01.267273Z,9742805,1.33000000,0.72000000,sell,2022-05-15 18:45:01.267273+00:00
2022-05-15T18:45:01.267273Z,9742804,1.33000000,158.98000000,sell,2022-05-15 18:45:01.267273+00:00
2022-05-15T18:42:13.601432Z,9742803,1.33000000,29.32000000,sell,2022-05-15 18:42:13.601432+00:00
2022-05-15T18:42:13.601432Z,9742802,1.33000000,136.00000000,sell,2022-05-15 18:42:13.601432+00:00
2022-05-15T18:42:07.542234Z,9742801,1.33000000,170.36000000,buy,2022-05-15 18:42:07.542234+00:00
2022-05-15T18:42:07.542234Z,9742800,1.33000000,136.00000000,buy,2022-05-15 18:42:07.542234+00:00
2022-05-15T18:42:02.531295Z,9742799,1.33000000,80.56000000,buy,2022-05-15 18:42:02.531295+00:00
2022-05-15T18:41:57.54565Z,9742798,1.33000000,3.60000000,buy,2022-05-15 18:41:57.545650+00:00
2022-05-15T18:41:57.54565Z,9742797,1.33000000,136.00000000,buy,2022-05-15 18:41:57.545650+00:00
2022-05-15T18:41:57.54565Z,9742796,1.33000000,600.00000000,buy,2022-05-15 18:41:57.545650+00:00
2022-05-15T18:41:56.352526Z,9742795,1.33000000,2.11000000,sell,2022-05-15 18:41:56.352526+00:00
2022-05-15T18:41:52.633136Z,9742794,1.33000000,136.00000000,buy,2022-05-15 18:41:52.633136+00:00
2022-05-15T18:41:52.528679Z,9742793,1.33000000,136.00000000,buy,2022-05-15 18:41:52.528679+00:00
2022-05-15T18:41:52.485631Z,9742792,1.33000000,50.13000000,sell,2022-05-15 18:41:52.485631+00:00
2022-05-15T18:41:11.422348Z,9742791,1.32000000,444.45000000,sell,2022-05-15 18:41:11.422348+00:00
2022-05-15T18:41:11.410507Z,9742790,1.32000000,16.14000000,sell,2022-05-15 18:41:11.410507+00:00
2022-05-15T18:41:11.410507Z,9742789,1.32000000,181.32000000,sell,2022-05-15 18:41:11.410507+00:00
2022-05-15T18:41:11.258425Z,9742788,1.32000000,332.64000000,sell,2022-05-15 18:41:11.258425+00:00
2022-05-15T18:41:11.217933Z,9742787,1.32000000,588.64000000,sell,2022-05-15 18:41:11.217933+00:00
2022-05-15T18:41:11.217933Z,9742786,1.32000000,662.29000000,sell,2022-05-15 18:41:11.217933+00:00
2022-05-15T18:41:11.217933Z,9742785,1.32000000,456.94000000,sell,2022-05-15 18:41:11.217933+00:00
2022-05-15T18:41:11.217933Z,9742784,1.32000000,340.00000000,sell,2022-05-15 18:41:11.217933+00:00
2022-05-15T18:41:11.217933Z,9742783,1.32000000,136.00000000,sell,2022-05-15 18:41:11.217933+00:00
2022-05-15T18:41:11.217933Z,9742782,1.32000000,3.60000000,sell,2022-05-15 18:41:11.217933+00:00
2022-05-15T18:40:39.72987Z,9742781,1.32000000,0.75000000,sell,2022-05-15 18:40:39.729870+00:00
2022-05-15T18:38:48.714815Z,9742780,1.32000000,1.62000000,sell,2022-05-15 18:38:48.714815+00:00
2022-05-15T18:36:21.690345Z,9742779,1.32000000,39.46000000,sell,2022-05-15 18:36:21.690345+00:00
2022-05-15T18:36:21.690345Z,9742778,1.32000000,25.02000000,sell,2022-05-15 18:36:21.690345+00:00
2022-05-15T18:36:21.690345Z,9742777,1.32000000,140.67000000,sell,2022-05-15 18:36:21.690345+00:00
2022-05-15T18:36:21.690345Z,9742776,1.32000000,136.00000000,sell,2022-05-15 18:36:21.690345+00:00
2022-05-15T18:36:14.720967Z,9742775,1.32000000,0.01000000,buy,2022-05-15 18:36:14.720967+00:00
2022-05-15T18:36:14.716988Z,9742774,1.32000000,180.81000000,buy,2022-05-15 18:36:14.716988+00:00
2022-05-15T18:36:14.716988Z,9742773,1.32000000,136.00000000,buy,2022-05-15 18:36:14.716988+00:00
2022-05-15T18:36:10.442997Z,9742772,1.32000000,175.77000000,buy,2022-05-15 18:36:10.442997+00:00
2022-05-15T18:36:10.442997Z,9742771,1.32000000,136.00000000,buy,2022-05-15 18:36:10.442997+00:00
2022-05-15T18:36:10.442997Z,9742770,1.32000000,138.28000000,buy,2022-05-15 18:36:10.442997+00:00
2022-05-15T18:36:10.428832Z,9742769,1.32000000,216.19000000,buy,2022-05-15 18:36:10.428832+00:00
2022-05-15T18:36:10.416164Z,9742768,1.32000000,205.06000000,buy,2022-05-15 18:36:10.416164+00:00
2022-05-15T18:35:57.200417Z,9742767,1.32000000,40.47000000,buy,2022-05-15 18:35:57.200417+00:00
2022-05-15T18:35:57.200417Z,9742766,1.32000000,9.63000000,buy,2022-05-15 18:35:57.200417+00:00
2022-05-15T18:35:57.200417Z,9742765,1.32000000,166.44000000,buy,2022-05-15 18:35:57.200417+00:00
2022-05-15T18:35:57.200417Z,9742764,1.32000000,30.64000000,buy,2022-05-15 18:35:57.200417+00:00
2022-05-15T18:35:52.234312Z,9742763,1.33000000,10.11000000,sell,2022-05-15 18:35:52.234312+00:00
2022-05-15T18:35:51.791685Z,9742762,1.33000000,7.48000000,sell,2022-05-15 18:35:51.791685+00:00
2022-05-15T18:35:43.47116Z,9742761,1.32000000,105.36000000,buy,2022-05-15 18:35:43.471160+00:00
2022-05-15T18:35:43.47116Z,9742760,1.32000000,50.22000000,buy,2022-05-15 18:35:43.471160+00:00
2022-05-15T18:35:43.17921Z,9742759,1.32000000,600.00000000,buy,2022-05-15 18:35:43.179210+00:00
2022-05-15T18:35:43.17921Z,9742758,1.32000000,195.06000000,buy,2022-05-15 18:35:43.179210+00:00
2022-05-15T18:35:43.17921Z,9742757,1.32000000,34.29000000,buy,2022-05-15 18:35:43.179210+00:00
2022-05-15T18:35:43.17921Z,9742756,1.32000000,3.60000000,buy,2022-05-15 18:35:43.179210+00:00
2022-05-15T18:35:43.17921Z,9742755,1.32000000,131.31000000,buy,2022-05-15 18:35:43.179210+00:00
2022-05-15T18:35:43.17921Z,9742754,1.32000000,136.00000000,buy,2022-05-15 18:35:43.179210+00:00
2022-05-15T18:35:34.828434Z,9742753,1.32000000,195.06000000,buy,2022-05-15 18:35:34.828434+00:00
2022-05-15T18:35:34.828434Z,9742752,1.32000000,3.60000000,buy,2022-05-15 18:35:34.828434+00:00
2022-05-15T18:35:34.828434Z,9742751,1.32000000,600.00000000,buy,2022-05-15 18:35:34.828434+00:00
2022-05-15T18:35:34.828434Z,9742750,1.32000000,136.00000000,buy,2022-05-15 18:35:34.828434+00:00
2022-05-15T18:35:19.99Z,9742749,1.33000000,16.07000000,sell,2022-05-15 18:35:19.990000+00:00
2022-05-15T18:35:19.99Z,9742748,1.33000000,20.00000000,sell,2022-05-15 18:35:19.990000+00:00
2022-05-15T18:35:19.99Z,9742747,1.32000000,118.73000000,sell,2022-05-15 18:35:19.990000+00:00
2022-05-15T18:35:17.910928Z,9742746,1.32000000,17.27000000,sell,2022-05-15 18:35:17.910928+00:00
2022-05-15T18:35:17.910928Z,9742745,1.32000000,163.23000000,sell,2022-05-15 18:35:17.910928+00:00
2022-05-15T18:35:14.626885Z,9742744,1.32000000,60.25000000,sell,2022-05-15 18:35:14.626885+00:00
2022-05-15T18:35:14.626885Z,9742743,1.32000000,92.02000000,sell,2022-05-15 18:35:14.626885+00:00
2022-05-15T18:35:08.433076Z,9742742,1.32000000,43.98000000,sell,2022-05-15 18:35:08.433076+00:00
2022-05-15T18:35:08.433076Z,9742741,1.32000000,157.78000000,sell,2022-05-15 18:35:08.433076+00:00
2022-05-15T18:35:01.439313Z,9742740,1.31000000,132.75000000,buy,2022-05-15 18:35:01.439313+00:00
2022-05-15T18:34:52.635025Z,9742739,1.32000000,412.52000000,sell,2022-05-15 18:34:52.635025+00:00
2022-05-15T18:34:45.620037Z,9742738,1.32000000,3.60000000,buy,2022-05-15 18:34:45.620037+00:00
2022-05-15T18:34:45.620037Z,9742737,1.32000000,600.00000000,buy,2022-05-15 18:34:45.620037+00:00
2022-05-15T18:34:45.620037Z,9742736,1.32000000,136.00000000,buy,2022-05-15 18:34:45.620037+00:00
2022-05-15T18:34:43.885947Z,9742735,1.32000000,62.46000000,sell,2022-05-15 18:34:43.885947+00:00
2022-05-15T18:34:43.885947Z,9742734,1.32000000,136.00000000,sell,2022-05-15 18:34:43.885947+00:00
2022-05-15T18:34:43.885947Z,9742733,1.32000000,340.00000000,sell,2022-05-15 18:34:43.885947+00:00
2022-05-15T18:33:12.407328Z,9742732,1.31000000,377.41000000,buy,2022-05-15 18:33:12.407328+00:00
2022-05-15T18:33:11.280534Z,9742731,1.32000000,1354.52000000,sell,2022-05-15 18:33:11.280534+00:00
2022-05-15T18:33:11.280534Z,9742730,1.32000000,418.47000000,sell,2022-05-15 18:33:11.280534+00:00
2022-05-15T18:33:11.280534Z,9742729,1.32000000,600.00000000,sell,2022-05-15 18:33:11.280534+00:00
2022-05-15T18:33:11.280534Z,9742728,1.32000000,97.63000000,sell,2022-05-15 18:33:11.280534+00:00
2022-05-15T18:33:11.280534Z,9742727,1.32000000,3.60000000,sell,2022-05-15 18:33:11.280534+00:00
2022-05-15T18:33:11.280534Z,9742726,1.32000000,344.70000000,sell,2022-05-15 18:33:11.280534+00:00
2022-05-15T18:33:11.280534Z,9742725,1.32000000,78.82000000,sell,2022-05-15 18:33:11.280534+00:00
2022-05-15T18:33:11.280534Z,9742724,1.32000000,136.00000000,sell,2022-05-15 18:33:11.280534+00:00
2022-05-15T18:33:11.280534Z,9742723,1.32000000,0.21000000,sell,2022-05-15 18:33:11.280534+00:00
2022-05-15T18:33:11.280534Z,9742722,1.32000000,1411.54000000,sell,2022-05-15 18:33:11.280534+00:00
2022-05-15T18:33:11.280534Z,9742721,1.32000000,653.24000000,sell,2022-05-15 18:33:11.280534+00:00
2022-05-15T18:33:11.280534Z,9742720,1.32000000,982.94000000,sell,2022-05-15 18:33:11.280534+00:00
2022-05-15T18:33:11.280534Z,9742719,1.32000000,325.69000000,sell,2022-05-15 18:33:11.280534+00:00
2022-05-15T18:32:45.671741Z,9742718,1.32000000,136.91000000,sell,2022-05-15 18:32:45.671741+00:00
2022-05-15T18:32:45.671741Z,9742717,1.32000000,240.50000000,sell,2022-05-15 18:32:45.671741+00:00
2022-05-15T18:32:26.872773Z,9742716,1.31000000,0.43000000,buy,2022-05-15 18:32:26.872773+00:00
2022-05-15T18:31:28.134128Z,9742715,1.31000000,0.77000000,buy,2022-05-15 18:31:28.134128+00:00
2022-05-15T18:30:48.752746Z,9742714,1.32000000,3.02000000,sell,2022-05-15 18:30:48.752746+00:00
2022-05-15T18:30:01.380517Z,9742713,1.32000000,0.40000000,sell,2022-05-15 18:30:01.380517+00:00
2022-05-15T18:28:44.108333Z,9742712,1.32000000,95.74000000,sell,2022-05-15 18:28:44.108333+00:00
2022-05-15T18:27:42.074835Z,9742711,1.31000000,32.77000000,buy,2022-05-15 18:27:42.074835+00:00
2022-05-15T18:27:10.576228Z,9742710,1.31000000,0.40000000,buy,2022-05-15 18:27:10.576228+00:00
2022-05-15T18:26:35.360685Z,9742709,1.32000000,0.32000000,sell,2022-05-15 18:26:35.360685+00:00
2022-05-15T18:26:02.827233Z,9742708,1.32000000,0.02000000,sell,2022-05-15 18:26:02.827233+00:00
2022-05-15T18:26:02.827233Z,9742707,1.32000000,73.11000000,sell,2022-05-15 18:26:02.827233+00:00
2022-05-15T18:25:18.456921Z,9742706,1.31000000,136.00000000,sell,2022-05-15 18:25:18.456921+00:00
2022-05-15T18:25:18.456921Z,9742705,1.31000000,156.31000000,sell,2022-05-15 18:25:18.456921+00:00
2022-05-15T18:25:18.357524Z,9742704,1.31000000,171.73000000,sell,2022-05-15 18:25:18.357524+00:00
2022-05-15T18:25:18.357524Z,9742703,1.31000000,136.00000000,sell,2022-05-15 18:25:18.357524+00:00
2022-05-15T18:25:02.041298Z,9742702,1.31000000,461.95000000,sell,2022-05-15 18:25:02.041298+00:00
2022-05-15T18:25:02.041298Z,9742701,1.31000000,3.60000000,sell,2022-05-15 18:25:02.041298+00:00
2022-05-15T18:25:02.041298Z,9742700,1.31000000,162.37000000,sell,2022-05-15 18:25:02.041298+00:00
2022-05-15T18:25:02.041298Z,9742699,1.31000000,136.00000000,sell,2022-05-15 18:25:02.041298+00:00
2022-05-15T18:24:27.656281Z,9742698,1.30000000,54.35000000,buy,2022-05-15 18:24:27.656281+00:00
2022-05-15T18:23:32.784986Z,9742697,1.31000000,166.54000000,sell,2022-05-15 18:23:32.784986+00:00
2022-05-15T18:23:32.710152Z,9742696,1.31000000,166.32000000,sell,2022-05-15 18:23:32.710152+00:00
2022-05-15T18:23:32.697785Z,9742695,1.31000000,202.54000000,sell,2022-05-15 18:23:32.697785+00:00
2022-05-15T18:23:32.580413Z,9742694,1.31000000,16.54000000,sell,2022-05-15 18:23:32.580413+00:00
2022-05-15T18:23:32.580413Z,9742693,1.31000000,3.60000000,sell,2022-05-15 18:23:32.580413+00:00
2022-05-15T18:23:32.580413Z,9742692,1.31000000,136.00000000,sell,2022-05-15 18:23:32.580413+00:00
2022-05-15T18:23:02.014496Z,9742691,1.31000000,340.00000000,buy,2022-05-15 18:23:02.014496+00:00
2022-05-15T18:23:02.014496Z,9742690,1.31000000,159.60000000,buy,2022-05-15 18:23:02.014496+00:00
2022-05-15T18:23:02.014496Z,9742689,1.31000000,134.83000000,buy,2022-05-15 18:23:02.014496+00:00
2022-05-15T18:21:22.794121Z,9742688,1.31000000,1.17000000,buy,2022-05-15 18:21:22.794121+00:00
2022-05-15T18:20:44.12948Z,9742687,1.32000000,0.34000000,sell,2022-05-15 18:20:44.129480+00:00
2022-05-15T18:18:54.896668Z,9742686,1.32000000,11.17000000,sell,2022-05-15 18:18:54.896668+00:00
2022-05-15T18:16:54.024561Z,9742685,1.32000000,76.00000000,sell,2022-05-15 18:16:54.024561+00:00
2022-05-15T18:16:43.41686Z,9742684,1.32000000,13.83000000,sell,2022-05-15 18:16:43.416860+00:00
2022-05-15T18:16:43.41686Z,9742683,1.32000000,3.89000000,sell,2022-05-15 18:16:43.416860+00:00
2022-05-15T18:16:15.230763Z,9742682,1.31000000,286.63000000,buy,2022-05-15 18:16:15.230763+00:00
2022-05-15T18:16:09.285775Z,9742681,1.32000000,8.25000000,sell,2022-05-15 18:16:09.285775+00:00
2022-05-15T18:15:08.328886Z,9742680,1.31000000,162.52000000,sell,2022-05-15 18:15:08.328886+00:00
2022-05-15T18:15:08.328886Z,9742679,1.31000000,136.00000000,sell,2022-05-15 18:15:08.328886+00:00
2022-05-15T18:15:08.213302Z,9742678,1.31000000,168.78000000,sell,2022-05-15 18:15:08.213302+00:00
2022-05-15T18:15:08.213302Z,9742677,1.31000000,136.00000000,sell,2022-05-15 18:15:08.213302+00:00
2022-05-15T18:14:45.008462Z,9742676,1.30000000,624.78000000,buy,2022-05-15 18:14:45.008462+00:00
2022-05-15T18:14:45.008462Z,9742675,1.30000000,18.90000000,buy,2022-05-15 18:14:45.008462+00:00
2022-05-15T18:14:45.008462Z,9742674,1.30000000,122.60000000,buy,2022-05-15 18:14:45.008462+00:00
2022-05-15T18:14:44.979565Z,9742673,1.31000000,82.64000000,sell,2022-05-15 18:14:44.979565+00:00
2022-05-15T18:14:44.979565Z,9742672,1.31000000,183.93000000,sell,2022-05-15 18:14:44.979565+00:00
2022-05-15T18:14:44.961433Z,9742671,1.31000000,98.33000000,sell,2022-05-15 18:14:44.961433+00:00
2022-05-15T18:14:44.961433Z,9742670,1.31000000,136.00000000,sell,2022-05-15 18:14:44.961433+00:00
2022-05-15T18:14:07.730793Z,9742669,1.31000000,7.49000000,sell,2022-05-15 18:14:07.730793+00:00
2022-05-15T18:14:07.730793Z,9742668,1.31000000,340.00000000,sell,2022-05-15 18:14:07.730793+00:00
2022-05-15T18:14:07.730793Z,9742667,1.31000000,136.00000000,sell,2022-05-15 18:14:07.730793+00:00
2022-05-15T18:14:05.498889Z,9742666,1.31000000,448.32000000,sell,2022-05-15 18:14:05.498889+00:00
2022-05-15T18:13:28.843651Z,9742665,1.30000000,13.40000000,buy,2022-05-15 18:13:28.843651+00:00
2022-05-15T18:13:28.843651Z,9742664,1.30000000,138.60000000,buy,2022-05-15 18:13:28.843651+00:00
2022-05-15T18:12:05.980676Z,9742663,1.31000000,484.43000000,sell,2022-05-15 18:12:05.980676+00:00
2022-05-15T18:12:05.980676Z,9742662,1.31000000,451.53000000,sell,2022-05-15 18:12:05.980676+00:00
2022-05-15T18:12:05.980676Z,9742661,1.31000000,340.00000000,sell,2022-05-15 18:12:05.980676+00:00
2022-05-15T18:12:05.980676Z,9742660,1.31000000,636.73000000,sell,2022-05-15 18:12:05.980676+00:00
2022-05-15T18:12:05.980676Z,9742659,1.31000000,177.61000000,sell,2022-05-15 18:12:05.980676+00:00
2022-05-15T18:12:05.980676Z,9742658,1.31000000,610.90000000,sell,2022-05-15 18:12:05.980676+00:00
2022-05-15T18:11:17.523229Z,9742657,1.31000000,36.47000000,sell,2022-05-15 18:11:17.523229+00:00
2022-05-15T18:10:11.582413Z,9742656,1.31000000,3.74000000,sell,2022-05-15 18:10:11.582413+00:00
2022-05-15T18:09:28.98069Z,9742655,1.31000000,37.98000000,sell,2022-05-15 18:09:28.980690+00:00
2022-05-15T18:07:33.014536Z,9742654,1.31000000,50.00000000,sell,2022-05-15 18:07:33.014536+00:00
2022-05-15T18:07:12.946392Z,9742653,1.31000000,50.00000000,sell,2022-05-15 18:07:12.946392+00:00
2022-05-15T18:05:15.290582Z,9742652,1.31000000,188.18000000,sell,2022-05-15 18:05:15.290582+00:00
2022-05-15T18:05:15.290582Z,9742651,1.31000000,1.71000000,sell,2022-05-15 18:05:15.290582+00:00
2022-05-15T18:04:14.875067Z,9742650,1.31000000,0.39000000,sell,2022-05-15 18:04:14.875067+00:00
2022-05-15T18:03:16.503806Z,9742649,1.30000000,17.46000000,sell,2022-05-15 18:03:16.503806+00:00
2022-05-15T18:03:16.503806Z,9742648,1.30000000,109.89000000,sell,2022-05-15 18:03:16.503806+00:00
2022-05-15T18:03:16.503806Z,9742647,1.30000000,136.00000000,sell,2022-05-15 18:03:16.503806+00:00
2022-05-15T18:03:13.396177Z,9742646,1.30000000,0.42000000,buy,2022-05-15 18:03:13.396177+00:00
2022-05-15T18:03:13.396177Z,9742645,1.30000000,7.49000000,buy,2022-05-15 18:03:13.396177+00:00
2022-05-15T18:03:13.396177Z,9742644,1.30000000,600.00000000,buy,2022-05-15 18:03:13.396177+00:00
2022-05-15T18:03:13.396177Z,9742643,1.30000000,195.06000000,buy,2022-05-15 18:03:13.396177+00:00
2022-05-15T18:03:13.396177Z,9742642,1.30000000,45.09000000,buy,2022-05-15 18:03:13.396177+00:00
2022-05-15T18:03:13.396177Z,9742641,1.30000000,141.48000000,buy,2022-05-15 18:03:13.396177+00:00
2022-05-15T18:03:13.396177Z,9742640,1.30000000,3.60000000,buy,2022-05-15 18:03:13.396177+00:00
2022-05-15T18:03:13.396177Z,9742639,1.30000000,257.03000000,buy,2022-05-15 18:03:13.396177+00:00
2022-05-15T18:01:31.507249Z,9742638,1.30000000,82.70000000,buy,2022-05-15 18:01:31.507249+00:00
2022-05-15T18:00:22.561716Z,9742637,1.31000000,9.10000000,sell,2022-05-15 18:00:22.561716+00:00
2022-05-15T18:00:15.268385Z,9742636,1.31000000,14.64000000,sell,2022-05-15 18:00:15.268385+00:00
2022-05-15T18:00:07.294305Z,9742635,1.30000000,0.27000000,buy,2022-05-15 18:00:07.294305+00:00
2022-05-15T17:59:21.308109Z,9742634,1.31000000,73.69000000,sell,2022-05-15 17:59:21.308109+00:00
2022-05-15T17:59:06.767434Z,9742633,1.31000000,36.47000000,sell,2022-05-15 17:59:06.767434+00:00
2022-05-15T17:58:01.415686Z,9742632,1.31000000,179.84000000,sell,2022-05-15 17:58:01.415686+00:00
2022-05-15T17:53:08.440663Z,9742631,1.31000000,295.29000000,sell,2022-05-15 17:53:08.440663+00:00
2022-05-15T17:53:08.440663Z,9742630,1.31000000,136.00000000,sell,2022-05-15 17:53:08.440663+00:00
2022-05-15T17:53:08.440663Z,9742629,1.31000000,64.71000000,sell,2022-05-15 17:53:08.440663+00:00
2022-05-15T17:53:08.440663Z,9742628,1.31000000,3.60000000,sell,2022-05-15 17:53:08.440663+00:00
2022-05-15T17:53:08.440663Z,9742627,1.31000000,600.00000000,sell,2022-05-15 17:53:08.440663+00:00
2022-05-15T17:52:55.806804Z,9742626,1.31000000,600.00000000,buy,2022-05-15 17:52:55.806804+00:00
2022-05-15T17:52:55.806804Z,9742625,1.31000000,77.20000000,buy,2022-05-15 17:52:55.806804+00:00
2022-05-15T17:52:31.777923Z,9742624,1.31000000,2.31000000,buy,2022-05-15 17:52:31.777923+00:00
2022-05-15T17:52:31.769465Z,9742623,1.31000000,2.71000000,buy,2022-05-15 17:52:31.769465+00:00
2022-05-15T17:52:31.757493Z,9742622,1.31000000,2.89000000,buy,2022-05-15 17:52:31.757493+00:00
2022-05-15T17:52:28.726728Z,9742621,1.31000000,6.61000000,buy,2022-05-15 17:52:28.726728+00:00
2022-05-15T17:52:28.71327Z,9742620,1.31000000,6.19000000,buy,2022-05-15 17:52:28.713270+00:00
2022-05-15T17:52:28.700351Z,9742619,1.31000000,6.86000000,buy,2022-05-15 17:52:28.700351+00:00
2022-05-15T17:52:28.683938Z,9742618,1.31000000,6.45000000,buy,2022-05-15 17:52:28.683938+00:00
2022-05-15T17:52:28.655916Z,9742617,1.31000000,5.57000000,buy,2022-05-15 17:52:28.655916+00:00
2022-05-15T17:52:28.642477Z,9742616,1.31000000,7.02000000,buy,2022-05-15 17:52:28.642477+00:00
2022-05-15T17:52:28.632404Z,9742615,1.31000000,5.58000000,buy,2022-05-15 17:52:28.632404+00:00
2022-05-15T17:52:28.618985Z,9742614,1.31000000,6.61000000,buy,2022-05-15 17:52:28.618985+00:00
2022-05-15T17:52:28.550852Z,9742613,1.31000000,15.84000000,sell,2022-05-15 17:52:28.550852+00:00
2022-05-15T17:52:28.550852Z,9742612,1.31000000,116.73000000,sell,2022-05-15 17:52:28.550852+00:00
2022-05-15T17:52:28.550852Z,9742611,1.31000000,136.00000000,sell,2022-05-15 17:52:28.550852+00:00
2022-05-15T17:52:28.550852Z,9742610,1.31000000,761.02000000,sell,2022-05-15 17:52:28.550852+00:00
2022-05-15T17:52:27.462993Z,9742609,1.31000000,101.97000000,buy,2022-05-15 17:52:27.462993+00:00
2022-05-15T17:52:26.034218Z,9742608,1.31000000,1.68000000,buy,2022-05-15 17:52:26.034218+00:00
2022-05-15T17:52:25.308957Z,9742607,1.31000000,2.58000000,buy,2022-05-15 17:52:25.308957+00:00
