time,trade_id,price,size,side,date
2022-05-14T22:19:10.327676Z,8311733,0.54000000,1113.41000000,sell,2022-05-14 22:19:10.327676+00:00
2022-05-14T22:18:45.183238Z,8311732,0.54000000,50.00000000,sell,2022-05-14 22:18:45.183238+00:00
2022-05-14T22:14:42.94904Z,8311731,0.54000000,68.20000000,sell,2022-05-14 22:14:42.949040+00:00
2022-05-14T22:11:22.640465Z,8311730,0.54000000,2.22000000,sell,2022-05-14 22:11:22.640465+00:00
2022-05-14T22:09:29.302667Z,8311729,0.53000000,0.64000000,sell,2022-05-14 22:09:29.302667+00:00
2022-05-14T22:09:29.302667Z,8311728,0.53000000,81.51000000,sell,2022-05-14 22:09:29.302667+00:00
2022-05-14T22:09:29.302667Z,8311727,0.53000000,28.00000000,sell,2022-05-14 22:09:29.302667+00:00
2022-05-14T22:05:32.555238Z,8311726,0.53000000,302.70000000,sell,2022-05-14 22:05:32.555238+00:00
2022-05-14T22:05:32.555238Z,8311725,0.53000000,115.14000000,sell,2022-05-14 22:05:32.555238+00:00
2022-05-14T22:05:32.555238Z,8311724,0.53000000,28.00000000,sell,2022-05-14 22:05:32.555238+00:00
2022-05-14T22:04:22.745581Z,8311723,0.53000000,1.20000000,buy,2022-05-14 22:04:22.745581+00:00
2022-05-14T22:04:22.745581Z,8311722,0.53000000,59.85000000,buy,2022-05-14 22:04:22.745581+00:00
2022-05-14T22:04:22.745581Z,8311721,0.53000000,67.83000000,buy,2022-05-14 22:04:22.745581+00:00
2022-05-14T22:04:22.745581Z,8311720,0.53000000,61.79000000,buy,2022-05-14 22:04:22.745581+00:00
2022-05-14T22:04:22.745581Z,8311719,0.53000000,37.74000000,buy,2022-05-14 22:04:22.745581+00:00
2022-05-14T22:04:22.745581Z,8311718,0.53000000,75.62000000,buy,2022-05-14 22:04:22.745581+00:00
2022-05-14T22:04:22.745581Z,8311717,0.53000000,37.74000000,buy,2022-05-14 22:04:22.745581+00:00
2022-05-14T22:04:22.745581Z,8311716,0.53000000,4.89000000,buy,2022-05-14 22:04:22.745581+00:00
2022-05-14T22:00:18.851459Z,8311715,0.53000000,528.78000000,buy,2022-05-14 22:00:18.851459+00:00
2022-05-14T21:56:13.604626Z,8311714,0.54000000,32.26000000,sell,2022-05-14 21:56:13.604626+00:00
2022-05-14T21:56:13.604626Z,8311713,0.54000000,146.49000000,sell,2022-05-14 21:56:13.604626+00:00
2022-05-14T21:53:35.839689Z,8311712,0.54000000,0.90000000,sell,2022-05-14 21:53:35.839689+00:00
2022-05-14T21:52:45.300828Z,8311711,0.53000000,3.74000000,buy,2022-05-14 21:52:45.300828+00:00
2022-05-14T21:52:38.983264Z,8311710,0.53000000,392.06000000,buy,2022-05-14 21:52:38.983264+00:00
2022-05-14T21:50:55.235274Z,8311709,0.53000000,98.73000000,buy,2022-05-14 21:50:55.235274+00:00
2022-05-14T21:50:40.553821Z,8311708,0.53000000,62.56000000,buy,2022-05-14 21:50:40.553821+00:00
2022-05-14T21:50:23.853337Z,8311707,0.53000000,3.84000000,buy,2022-05-14 21:50:23.853337+00:00
2022-05-14T21:50:22.270519Z,8311706,0.53000000,114.67000000,buy,2022-05-14 21:50:22.270519+00:00
2022-05-14T21:50:21.791814Z,8311705,0.54000000,18.24000000,buy,2022-05-14 21:50:21.791814+00:00
2022-05-14T21:50:21.791814Z,8311704,0.54000000,28.00000000,buy,2022-05-14 21:50:21.791814+00:00
2022-05-14T21:50:21.791814Z,8311703,0.54000000,101.54000000,buy,2022-05-14 21:50:21.791814+00:00
2022-05-14T21:50:21.785182Z,8311702,0.54000000,400.00000000,buy,2022-05-14 21:50:21.785182+00:00
2022-05-14T21:50:21.0579Z,8311701,0.54000000,658.62000000,buy,2022-05-14 21:50:21.057900+00:00
2022-05-14T21:50:21.039307Z,8311700,0.54000000,400.00000000,buy,2022-05-14 21:50:21.039307+00:00
2022-05-14T21:50:21.001462Z,8311699,0.54000000,710.74000000,buy,2022-05-14 21:50:21.001462+00:00
2022-05-14T21:50:20.724824Z,8311698,0.54000000,766.98000000,buy,2022-05-14 21:50:20.724824+00:00
2022-05-14T21:50:17.393056Z,8311697,0.54000000,827.68000000,buy,2022-05-14 21:50:17.393056+00:00
2022-05-14T21:50:14.403853Z,8311696,0.54000000,2371.63000000,buy,2022-05-14 21:50:14.403853+00:00
2022-05-14T21:50:14.403853Z,8311695,0.54000000,28.00000000,buy,2022-05-14 21:50:14.403853+00:00
2022-05-14T21:50:14.403853Z,8311694,0.54000000,44.46000000,buy,2022-05-14 21:50:14.403853+00:00
2022-05-14T21:50:14.403853Z,8311693,0.54000000,77.25000000,buy,2022-05-14 21:50:14.403853+00:00
2022-05-14T21:47:39.739471Z,8311692,0.54000000,0.84000000,buy,2022-05-14 21:47:39.739471+00:00
2022-05-14T21:47:39.739471Z,8311691,0.54000000,28.00000000,buy,2022-05-14 21:47:39.739471+00:00
2022-05-14T21:45:55.142759Z,8311690,0.55000000,9.03000000,sell,2022-05-14 21:45:55.142759+00:00
2022-05-14T21:44:57.941054Z,8311689,0.55000000,18.19000000,sell,2022-05-14 21:44:57.941054+00:00
2022-05-14T21:44:22.033147Z,8311688,0.54000000,15.56000000,buy,2022-05-14 21:44:22.033147+00:00
2022-05-14T21:44:16.131937Z,8311687,0.54000000,4.61000000,buy,2022-05-14 21:44:16.131937+00:00
2022-05-14T21:43:53.054102Z,8311686,0.55000000,18.19000000,sell,2022-05-14 21:43:53.054102+00:00
2022-05-14T21:43:51.817295Z,8311685,0.54000000,1.80000000,sell,2022-05-14 21:43:51.817295+00:00
2022-05-14T21:43:51.817295Z,8311684,0.54000000,28.00000000,sell,2022-05-14 21:43:51.817295+00:00
2022-05-14T21:43:51.817295Z,8311683,0.54000000,1190.09000000,sell,2022-05-14 21:43:51.817295+00:00
2022-05-14T21:43:51.817295Z,8311682,0.54000000,959.61000000,sell,2022-05-14 21:43:51.817295+00:00
2022-05-14T21:43:51.817295Z,8311681,0.54000000,55.40000000,sell,2022-05-14 21:43:51.817295+00:00
2022-05-14T21:43:51.817295Z,8311680,0.54000000,55.82000000,sell,2022-05-14 21:43:51.817295+00:00
2022-05-14T21:43:51.817295Z,8311679,0.54000000,60.89000000,sell,2022-05-14 21:43:51.817295+00:00
2022-05-14T21:43:51.817295Z,8311678,0.54000000,75.62000000,sell,2022-05-14 21:43:51.817295+00:00
2022-05-14T21:43:51.817295Z,8311677,0.54000000,4.89000000,sell,2022-05-14 21:43:51.817295+00:00
2022-05-14T21:43:06.776353Z,8311676,0.53000000,149.53000000,buy,2022-05-14 21:43:06.776353+00:00
2022-05-14T21:41:01.027085Z,8311675,0.53000000,65.23000000,buy,2022-05-14 21:41:01.027085+00:00
2022-05-14T21:39:48.975965Z,8311674,0.53000000,18.69000000,buy,2022-05-14 21:39:48.975965+00:00
2022-05-14T21:39:31.393677Z,8311673,0.54000000,178.75000000,sell,2022-05-14 21:39:31.393677+00:00
2022-05-14T21:37:33.592813Z,8311672,0.54000000,16.60000000,sell,2022-05-14 21:37:33.592813+00:00
2022-05-14T21:36:12.8559Z,8311671,0.53000000,2.25000000,buy,2022-05-14 21:36:12.855900+00:00
2022-05-14T21:36:10.416784Z,8311670,0.53000000,1.87000000,buy,2022-05-14 21:36:10.416784+00:00
2022-05-14T21:32:58.012987Z,8311669,0.54000000,4450.99000000,sell,2022-05-14 21:32:58.012987+00:00
2022-05-14T21:28:47.983164Z,8311668,0.54000000,49.91000000,sell,2022-05-14 21:28:47.983164+00:00
2022-05-14T21:28:10.28449Z,8311667,0.53000000,147.63000000,sell,2022-05-14 21:28:10.284490+00:00
2022-05-14T21:28:10.28449Z,8311666,0.53000000,100.00000000,sell,2022-05-14 21:28:10.284490+00:00
2022-05-14T21:28:10.28449Z,8311665,0.53000000,2.90000000,sell,2022-05-14 21:28:10.284490+00:00
2022-05-14T21:28:10.28449Z,8311664,0.53000000,28.00000000,sell,2022-05-14 21:28:10.284490+00:00
2022-05-14T21:26:37.825921Z,8311663,0.52000000,23.94000000,buy,2022-05-14 21:26:37.825921+00:00
2022-05-14T21:23:13.681549Z,8311662,0.53000000,18.77000000,sell,2022-05-14 21:23:13.681549+00:00
2022-05-14T21:21:20.610897Z,8311661,0.52000000,326.37000000,buy,2022-05-14 21:21:20.610897+00:00
2022-05-14T21:21:15.119472Z,8311660,0.52000000,31.73000000,buy,2022-05-14 21:21:15.119472+00:00
2022-05-14T21:18:33.88686Z,8311659,0.52000000,23.48000000,buy,2022-05-14 21:18:33.886860+00:00
2022-05-14T21:15:48.683296Z,8311658,0.53000000,150.00000000,sell,2022-05-14 21:15:48.683296+00:00
2022-05-14T21:14:33.049202Z,8311657,0.53000000,1000.00000000,sell,2022-05-14 21:14:33.049202+00:00
2022-05-14T21:13:54.363529Z,8311656,0.53000000,190.04000000,sell,2022-05-14 21:13:54.363529+00:00
2022-05-14T21:09:34.924691Z,8311655,0.52000000,3.97000000,buy,2022-05-14 21:09:34.924691+00:00
2022-05-14T21:03:12.932291Z,8311654,0.52000000,269.07000000,buy,2022-05-14 21:03:12.932291+00:00
2022-05-14T21:01:25.490455Z,8311653,0.52000000,0.69000000,buy,2022-05-14 21:01:25.490455+00:00
2022-05-14T20:59:15.482148Z,8311652,0.53000000,23.48000000,sell,2022-05-14 20:59:15.482148+00:00
2022-05-14T20:57:23.829052Z,8311651,0.52000000,12.15000000,buy,2022-05-14 20:57:23.829052+00:00
2022-05-14T20:54:19.014676Z,8311650,0.52000000,407.04000000,buy,2022-05-14 20:54:19.014676+00:00
2022-05-14T20:51:17.517288Z,8311649,0.52000000,2.09000000,buy,2022-05-14 20:51:17.517288+00:00
2022-05-14T20:49:59.239102Z,8311648,0.52000000,82.01000000,buy,2022-05-14 20:49:59.239102+00:00
2022-05-14T20:48:01.78987Z,8311647,0.53000000,22.16000000,sell,2022-05-14 20:48:01.789870+00:00
2022-05-14T20:46:44.175905Z,8311646,0.52000000,48.32000000,buy,2022-05-14 20:46:44.175905+00:00
2022-05-14T20:46:33.47365Z,8311645,0.53000000,1.85000000,sell,2022-05-14 20:46:33.473650+00:00
2022-05-14T20:43:58.79166Z,8311644,0.53000000,15.84000000,sell,2022-05-14 20:43:58.791660+00:00
2022-05-14T20:43:02.495972Z,8311643,0.53000000,110.55000000,sell,2022-05-14 20:43:02.495972+00:00
2022-05-14T20:40:34.840234Z,8311642,0.52000000,1.08000000,buy,2022-05-14 20:40:34.840234+00:00
2022-05-14T20:40:09.411211Z,8311641,0.52000000,286.81000000,buy,2022-05-14 20:40:09.411211+00:00
2022-05-14T20:39:50.271305Z,8311640,0.53000000,16.92000000,sell,2022-05-14 20:39:50.271305+00:00
2022-05-14T20:39:38.609762Z,8311639,0.53000000,49.70000000,sell,2022-05-14 20:39:38.609762+00:00
2022-05-14T20:38:30.857036Z,8311638,0.52000000,3.00000000,buy,2022-05-14 20:38:30.857036+00:00
2022-05-14T20:38:13.137517Z,8311637,0.52000000,3.10000000,buy,2022-05-14 20:38:13.137517+00:00
2022-05-14T20:32:45.824041Z,8311636,0.53000000,16.13000000,sell,2022-05-14 20:32:45.824041+00:00
2022-05-14T20:32:45.824041Z,8311635,0.53000000,28.00000000,sell,2022-05-14 20:32:45.824041+00:00
2022-05-14T20:29:26.960833Z,8311634,0.52000000,119.46000000,buy,2022-05-14 20:29:26.960833+00:00
2022-05-14T20:20:54.088195Z,8311633,0.52000000,483.12000000,buy,2022-05-14 20:20:54.088195+00:00
2022-05-14T20:20:54.088195Z,8311632,0.52000000,4633.51000000,buy,2022-05-14 20:20:54.088195+00:00
2022-05-14T20:20:08.560708Z,8311631,0.53000000,28.00000000,buy,2022-05-14 20:20:08.560708+00:00
2022-05-14T20:20:08.560708Z,8311630,0.53000000,70.68000000,buy,2022-05-14 20:20:08.560708+00:00
2022-05-14T20:19:59.360489Z,8311629,0.53000000,28.00000000,buy,2022-05-14 20:19:59.360489+00:00
2022-05-14T20:19:59.360489Z,8311628,0.53000000,100.00000000,buy,2022-05-14 20:19:59.360489+00:00
2022-05-14T20:19:59.327372Z,8311627,0.53000000,932.93000000,buy,2022-05-14 20:19:59.327372+00:00
2022-05-14T20:19:59.224775Z,8311626,0.53000000,2403.75000000,buy,2022-05-14 20:19:59.224775+00:00
2022-05-14T20:19:59.224775Z,8311625,0.53000000,148.77000000,buy,2022-05-14 20:19:59.224775+00:00
2022-05-14T20:19:50.703783Z,8311624,0.53000000,78.66000000,sell,2022-05-14 20:19:50.703783+00:00
2022-05-14T20:19:50.703783Z,8311623,0.53000000,28.00000000,sell,2022-05-14 20:19:50.703783+00:00
2022-05-14T20:19:50.703783Z,8311622,0.53000000,501.67000000,sell,2022-05-14 20:19:50.703783+00:00
2022-05-14T20:19:50.703783Z,8311621,0.53000000,61.89000000,sell,2022-05-14 20:19:50.703783+00:00
2022-05-14T20:19:50.703783Z,8311620,0.53000000,77.08000000,sell,2022-05-14 20:19:50.703783+00:00
2022-05-14T20:19:50.703783Z,8311619,0.53000000,4.89000000,sell,2022-05-14 20:19:50.703783+00:00
2022-05-14T20:19:50.703783Z,8311618,0.53000000,920.00000000,sell,2022-05-14 20:19:50.703783+00:00
2022-05-14T20:15:29.253161Z,8311617,0.52000000,36.19000000,buy,2022-05-14 20:15:29.253161+00:00
2022-05-14T20:10:59.149429Z,8311616,0.52000000,22.70000000,buy,2022-05-14 20:10:59.149429+00:00
2022-05-14T20:10:59.149429Z,8311615,0.52000000,28.00000000,buy,2022-05-14 20:10:59.149429+00:00
2022-05-14T20:06:34.705368Z,8311614,0.52000000,40.29000000,buy,2022-05-14 20:06:34.705368+00:00
2022-05-14T20:04:22.517248Z,8311613,0.53000000,0.57000000,sell,2022-05-14 20:04:22.517248+00:00
2022-05-14T20:02:21.40138Z,8311612,0.52000000,68.43000000,sell,2022-05-14 20:02:21.401380+00:00
2022-05-14T20:02:21.40138Z,8311611,0.52000000,78.59000000,sell,2022-05-14 20:02:21.401380+00:00
2022-05-14T20:02:21.40138Z,8311610,0.52000000,124.26000000,sell,2022-05-14 20:02:21.401380+00:00
2022-05-14T20:02:21.40138Z,8311609,0.52000000,28.00000000,sell,2022-05-14 20:02:21.401380+00:00
2022-05-14T20:02:21.40138Z,8311608,0.52000000,713.12000000,sell,2022-05-14 20:02:21.401380+00:00
2022-05-14T19:51:03.259913Z,8311607,0.51000000,15.77000000,buy,2022-05-14 19:51:03.259913+00:00
2022-05-14T19:51:00.083678Z,8311606,0.52000000,2.40000000,sell,2022-05-14 19:51:00.083678+00:00
2022-05-14T19:44:41.777514Z,8311605,0.51000000,27.53000000,buy,2022-05-14 19:44:41.777514+00:00
2022-05-14T19:44:41.777514Z,8311604,0.51000000,36.94000000,buy,2022-05-14 19:44:41.777514+00:00
2022-05-14T19:44:28.084919Z,8311603,0.51000000,23.79000000,buy,2022-05-14 19:44:28.084919+00:00
2022-05-14T19:44:18.590861Z,8311602,0.51000000,7.92000000,buy,2022-05-14 19:44:18.590861+00:00
2022-05-14T19:44:11.770501Z,8311601,0.51000000,9.94000000,buy,2022-05-14 19:44:11.770501+00:00
2022-05-14T19:44:11.770501Z,8311600,0.51000000,0.63000000,buy,2022-05-14 19:44:11.770501+00:00
2022-05-14T19:44:05.183538Z,8311599,0.51000000,14.09000000,buy,2022-05-14 19:44:05.183538+00:00
2022-05-14T19:43:06.552561Z,8311598,0.51000000,53.71000000,buy,2022-05-14 19:43:06.552561+00:00
2022-05-14T19:43:06.552561Z,8311597,0.51000000,8.68000000,buy,2022-05-14 19:43:06.552561+00:00
2022-05-14T19:43:00.872882Z,8311596,0.51000000,22.58000000,buy,2022-05-14 19:43:00.872882+00:00
2022-05-14T19:41:23.586387Z,8311595,0.52000000,15.09000000,sell,2022-05-14 19:41:23.586387+00:00
2022-05-14T19:40:16.03341Z,8311594,0.52000000,185.63000000,sell,2022-05-14 19:40:16.033410+00:00
2022-05-14T19:39:18.142557Z,8311593,0.51000000,67.51000000,buy,2022-05-14 19:39:18.142557+00:00
2022-05-14T19:38:38.460482Z,8311592,0.52000000,3.76000000,sell,2022-05-14 19:38:38.460482+00:00
2022-05-14T19:32:20.524968Z,8311591,0.51000000,304.65000000,buy,2022-05-14 19:32:20.524968+00:00
2022-05-14T19:30:58.536629Z,8311590,0.52000000,59.17000000,sell,2022-05-14 19:30:58.536629+00:00
2022-05-14T19:29:52.027749Z,8311589,0.52000000,506.11000000,sell,2022-05-14 19:29:52.027749+00:00
2022-05-14T19:29:52.027749Z,8311588,0.52000000,425.50000000,sell,2022-05-14 19:29:52.027749+00:00
2022-05-14T19:29:52.027749Z,8311587,0.52000000,28.00000000,sell,2022-05-14 19:29:52.027749+00:00
2022-05-14T19:29:39.229071Z,8311586,0.51000000,15.28000000,buy,2022-05-14 19:29:39.229071+00:00
2022-05-14T19:29:19.7729Z,8311585,0.51000000,11.38000000,buy,2022-05-14 19:29:19.772900+00:00
2022-05-14T19:27:52.98336Z,8311584,0.52000000,62.56000000,sell,2022-05-14 19:27:52.983360+00:00
2022-05-14T19:27:50.760757Z,8311583,0.52000000,3.85000000,sell,2022-05-14 19:27:50.760757+00:00
2022-05-14T19:18:20.30399Z,8311582,0.51000000,19.71000000,buy,2022-05-14 19:18:20.303990+00:00
2022-05-14T19:18:09.206243Z,8311581,0.52000000,7.67000000,sell,2022-05-14 19:18:09.206243+00:00
2022-05-14T19:17:56.238193Z,8311580,0.51000000,38.83000000,buy,2022-05-14 19:17:56.238193+00:00
2022-05-14T19:17:47.194093Z,8311579,0.52000000,21.02000000,sell,2022-05-14 19:17:47.194093+00:00
2022-05-14T19:16:56.139319Z,8311578,0.52000000,4.61000000,sell,2022-05-14 19:16:56.139319+00:00
2022-05-14T19:16:55.445212Z,8311577,0.52000000,20.95000000,sell,2022-05-14 19:16:55.445212+00:00
2022-05-14T19:16:35.680125Z,8311576,0.52000000,5.58000000,sell,2022-05-14 19:16:35.680125+00:00
2022-05-14T19:16:29.519606Z,8311575,0.52000000,2.00000000,buy,2022-05-14 19:16:29.519606+00:00
2022-05-14T19:16:29.519606Z,8311574,0.52000000,23.94000000,buy,2022-05-14 19:16:29.519606+00:00
2022-05-14T19:16:29.519606Z,8311573,0.52000000,14.00000000,buy,2022-05-14 19:16:29.519606+00:00
2022-05-14T19:16:29.519606Z,8311572,0.52000000,76.93000000,buy,2022-05-14 19:16:29.519606+00:00
2022-05-14T19:16:29.519606Z,8311571,0.52000000,920.00000000,buy,2022-05-14 19:16:29.519606+00:00
2022-05-14T19:16:23.423977Z,8311570,0.52000000,76.50000000,buy,2022-05-14 19:16:23.423977+00:00
2022-05-14T19:16:19.096743Z,8311569,0.53000000,20.38000000,sell,2022-05-14 19:16:19.096743+00:00
2022-05-14T19:16:04.716084Z,8311568,0.53000000,99.96000000,sell,2022-05-14 19:16:04.716084+00:00
2022-05-14T19:11:21.144291Z,8311567,0.52000000,222.31000000,buy,2022-05-14 19:11:21.144291+00:00
2022-05-14T19:11:21.144291Z,8311566,0.52000000,28.00000000,buy,2022-05-14 19:11:21.144291+00:00
2022-05-14T19:11:21.144291Z,8311565,0.52000000,15.96000000,buy,2022-05-14 19:11:21.144291+00:00
2022-05-14T19:11:21.144291Z,8311564,0.52000000,62.70000000,buy,2022-05-14 19:11:21.144291+00:00
2022-05-14T19:09:44.159223Z,8311563,0.53000000,8.35000000,sell,2022-05-14 19:09:44.159223+00:00
2022-05-14T19:09:30.241642Z,8311562,0.53000000,37.74000000,sell,2022-05-14 19:09:30.241642+00:00
2022-05-14T19:07:43.098062Z,8311561,0.53000000,80.75000000,sell,2022-05-14 19:07:43.098062+00:00
2022-05-14T19:06:35.124528Z,8311560,0.52000000,2.24000000,buy,2022-05-14 19:06:35.124528+00:00
2022-05-14T19:06:20.215873Z,8311559,0.52000000,1.00000000,sell,2022-05-14 19:06:20.215873+00:00
2022-05-14T19:06:20.215873Z,8311558,0.52000000,141.36000000,sell,2022-05-14 19:06:20.215873+00:00
2022-05-14T19:06:20.215873Z,8311557,0.52000000,28.00000000,sell,2022-05-14 19:06:20.215873+00:00
2022-05-14T19:01:28.597605Z,8311556,0.52000000,3.00000000,sell,2022-05-14 19:01:28.597605+00:00
2022-05-14T19:00:44.516467Z,8311555,0.52000000,2.00000000,buy,2022-05-14 19:00:44.516467+00:00
2022-05-14T19:00:44.516467Z,8311554,0.52000000,28.00000000,buy,2022-05-14 19:00:44.516467+00:00
2022-05-14T19:00:05.13662Z,8311553,0.52000000,100.00000000,sell,2022-05-14 19:00:05.136620+00:00
2022-05-14T19:00:05.13662Z,8311552,0.52000000,28.00000000,sell,2022-05-14 19:00:05.136620+00:00
2022-05-14T18:59:22.124962Z,8311551,0.52000000,28.00000000,buy,2022-05-14 18:59:22.124962+00:00
2022-05-14T18:59:13.843995Z,8311550,0.52000000,7.67000000,sell,2022-05-14 18:59:13.843995+00:00
2022-05-14T18:58:19.129223Z,8311549,0.52000000,28.00000000,buy,2022-05-14 18:58:19.129223+00:00
2022-05-14T18:57:02.502226Z,8311548,0.52000000,28.00000000,sell,2022-05-14 18:57:02.502226+00:00
2022-05-14T18:56:35.984093Z,8311547,0.52000000,972.00000000,buy,2022-05-14 18:56:35.984093+00:00
2022-05-14T18:56:35.984093Z,8311546,0.52000000,28.00000000,buy,2022-05-14 18:56:35.984093+00:00
2022-05-14T18:56:21.176232Z,8311545,0.52000000,28.00000000,sell,2022-05-14 18:56:21.176232+00:00
2022-05-14T18:56:04.878364Z,8311544,0.52000000,28.00000000,sell,2022-05-14 18:56:04.878364+00:00
2022-05-14T18:55:20.199587Z,8311543,0.51000000,63.70000000,buy,2022-05-14 18:55:20.199587+00:00
2022-05-14T18:55:05.311866Z,8311542,0.51000000,27.37000000,buy,2022-05-14 18:55:05.311866+00:00
2022-05-14T18:54:17.539539Z,8311541,0.52000000,28.00000000,buy,2022-05-14 18:54:17.539539+00:00
2022-05-14T18:54:17.409899Z,8311540,0.52000000,899.95000000,buy,2022-05-14 18:54:17.409899+00:00
2022-05-14T18:54:17.409899Z,8311539,0.52000000,28.00000000,buy,2022-05-14 18:54:17.409899+00:00
2022-05-14T18:50:25.693347Z,8311538,0.52000000,100.00000000,sell,2022-05-14 18:50:25.693347+00:00
2022-05-14T18:50:25.693347Z,8311537,0.52000000,28.00000000,sell,2022-05-14 18:50:25.693347+00:00
2022-05-14T18:50:23.049206Z,8311536,0.52000000,920.00000000,buy,2022-05-14 18:50:23.049206+00:00
2022-05-14T18:50:23.028851Z,8311535,0.52000000,13.11000000,buy,2022-05-14 18:50:23.028851+00:00
2022-05-14T18:50:23.004857Z,8311534,0.52000000,920.00000000,buy,2022-05-14 18:50:23.004857+00:00
2022-05-14T18:50:22.968568Z,8311533,0.52000000,28.00000000,buy,2022-05-14 18:50:22.968568+00:00
2022-05-14T18:50:22.968568Z,8311532,0.52000000,27.36000000,buy,2022-05-14 18:50:22.968568+00:00
2022-05-14T18:50:22.968568Z,8311531,0.52000000,226.45000000,buy,2022-05-14 18:50:22.968568+00:00
2022-05-14T18:50:22.57421Z,8311530,0.52000000,693.55000000,buy,2022-05-14 18:50:22.574210+00:00
2022-05-14T18:50:22.46453Z,8311529,0.52000000,3.90000000,buy,2022-05-14 18:50:22.464530+00:00
2022-05-14T18:50:22.46453Z,8311528,0.52000000,4.00000000,buy,2022-05-14 18:50:22.464530+00:00
2022-05-14T18:50:22.46453Z,8311527,0.52000000,51.30000000,buy,2022-05-14 18:50:22.464530+00:00
2022-05-14T18:50:22.46453Z,8311526,0.52000000,28.00000000,buy,2022-05-14 18:50:22.464530+00:00
2022-05-14T18:50:22.46453Z,8311525,0.52000000,38.47000000,buy,2022-05-14 18:50:22.464530+00:00
2022-05-14T18:50:22.46453Z,8311524,0.52000000,38.47000000,buy,2022-05-14 18:50:22.464530+00:00
2022-05-14T18:50:22.46453Z,8311523,0.52000000,61.89000000,buy,2022-05-14 18:50:22.464530+00:00
2022-05-14T18:50:22.46453Z,8311522,0.52000000,32.91000000,buy,2022-05-14 18:50:22.464530+00:00
2022-05-14T18:50:22.106943Z,8311521,0.52000000,44.17000000,buy,2022-05-14 18:50:22.106943+00:00
2022-05-14T18:50:22.106943Z,8311520,0.52000000,4.89000000,buy,2022-05-14 18:50:22.106943+00:00
2022-05-14T18:50:22.106943Z,8311519,0.52000000,719.87000000,buy,2022-05-14 18:50:22.106943+00:00
2022-05-14T18:49:32.772437Z,8311518,0.53000000,1.90000000,sell,2022-05-14 18:49:32.772437+00:00
2022-05-14T18:47:32.49929Z,8311517,0.52000000,20.75000000,buy,2022-05-14 18:47:32.499290+00:00
2022-05-14T18:44:21.537432Z,8311516,0.52000000,6.16000000,buy,2022-05-14 18:44:21.537432+00:00
2022-05-14T18:40:48.772052Z,8311515,0.52000000,27.37000000,buy,2022-05-14 18:40:48.772052+00:00
2022-05-14T18:40:27.651992Z,8311514,0.53000000,27.37000000,sell,2022-05-14 18:40:27.651992+00:00
2022-05-14T18:39:16.673903Z,8311513,0.52000000,40.96000000,buy,2022-05-14 18:39:16.673903+00:00
2022-05-14T18:37:57.185327Z,8311512,0.52000000,104.89000000,buy,2022-05-14 18:37:57.185327+00:00
2022-05-14T18:37:43.713737Z,8311511,0.53000000,116.87000000,sell,2022-05-14 18:37:43.713737+00:00
2022-05-14T18:37:31.309812Z,8311510,0.53000000,27.37000000,sell,2022-05-14 18:37:31.309812+00:00
2022-05-14T18:37:24.183123Z,8311509,0.53000000,4183.94000000,sell,2022-05-14 18:37:24.183123+00:00
2022-05-14T18:37:24.183123Z,8311508,0.53000000,28.00000000,sell,2022-05-14 18:37:24.183123+00:00
2022-05-14T18:37:24.183123Z,8311507,0.53000000,904.69000000,sell,2022-05-14 18:37:24.183123+00:00
2022-05-14T18:34:32.672825Z,8311506,0.53000000,56.37000000,sell,2022-05-14 18:34:32.672825+00:00
2022-05-14T18:33:10.913236Z,8311505,0.52000000,19.05000000,buy,2022-05-14 18:33:10.913236+00:00
2022-05-14T18:32:17.183973Z,8311504,0.53000000,36.63000000,sell,2022-05-14 18:32:17.183973+00:00
2022-05-14T18:31:56.501185Z,8311503,0.53000000,9.37000000,sell,2022-05-14 18:31:56.501185+00:00
2022-05-14T18:30:45.838739Z,8311502,0.52000000,19.05000000,buy,2022-05-14 18:30:45.838739+00:00
2022-05-14T18:30:05.807474Z,8311501,0.53000000,7.53000000,sell,2022-05-14 18:30:05.807474+00:00
2022-05-14T18:22:01.930195Z,8311500,0.52000000,21.61000000,buy,2022-05-14 18:22:01.930195+00:00
2022-05-14T18:21:46.630853Z,8311499,0.53000000,28.00000000,buy,2022-05-14 18:21:46.630853+00:00
2022-05-14T18:21:46.622469Z,8311498,0.53000000,14.25000000,buy,2022-05-14 18:21:46.622469+00:00
2022-05-14T18:21:46.6193Z,8311497,0.53000000,85.75000000,buy,2022-05-14 18:21:46.619300+00:00
2022-05-14T18:21:46.6193Z,8311496,0.53000000,3.74000000,buy,2022-05-14 18:21:46.619300+00:00
2022-05-14T18:21:46.606698Z,8311495,0.53000000,10.51000000,buy,2022-05-14 18:21:46.606698+00:00
2022-05-14T18:21:46.606698Z,8311494,0.53000000,89.49000000,buy,2022-05-14 18:21:46.606698+00:00
2022-05-14T18:21:46.606698Z,8311493,0.53000000,930.00000000,buy,2022-05-14 18:21:46.606698+00:00
2022-05-14T18:21:46.599418Z,8311492,0.53000000,100.00000000,buy,2022-05-14 18:21:46.599418+00:00
2022-05-14T18:21:46.580164Z,8311491,0.52000000,174.00000000,buy,2022-05-14 18:21:46.580164+00:00
2022-05-14T18:21:46.580126Z,8311490,0.53000000,100.00000000,buy,2022-05-14 18:21:46.580126+00:00
2022-05-14T18:21:46.546385Z,8311489,0.52000000,1316.42000000,buy,2022-05-14 18:21:46.546385+00:00
2022-05-14T18:21:46.546385Z,8311488,0.53000000,1030.00000000,buy,2022-05-14 18:21:46.546385+00:00
2022-05-14T18:21:46.546385Z,8311487,0.53000000,100.00000000,buy,2022-05-14 18:21:46.546385+00:00
2022-05-14T18:21:46.546385Z,8311486,0.53000000,1190.09000000,buy,2022-05-14 18:21:46.546385+00:00
2022-05-14T18:21:46.546385Z,8311485,0.53000000,28.00000000,buy,2022-05-14 18:21:46.546385+00:00
2022-05-14T18:21:46.546385Z,8311484,0.53000000,60.89000000,buy,2022-05-14 18:21:46.546385+00:00
2022-05-14T18:21:46.546385Z,8311483,0.53000000,169.86000000,buy,2022-05-14 18:21:46.546385+00:00
2022-05-14T18:21:46.546385Z,8311482,0.53000000,22.23000000,buy,2022-05-14 18:21:46.546385+00:00
2022-05-14T18:21:46.546385Z,8311481,0.53000000,0.51000000,buy,2022-05-14 18:21:46.546385+00:00
2022-05-14T18:21:46.502852Z,8311480,0.53000000,75.11000000,buy,2022-05-14 18:21:46.502852+00:00
2022-05-14T18:21:46.502852Z,8311479,0.53000000,4.89000000,buy,2022-05-14 18:21:46.502852+00:00
2022-05-14T18:21:46.502852Z,8311478,0.53000000,920.00000000,buy,2022-05-14 18:21:46.502852+00:00
2022-05-14T18:19:26.834208Z,8311477,0.53000000,1.94000000,buy,2022-05-14 18:19:26.834208+00:00
2022-05-14T18:17:48.541324Z,8311476,0.53000000,5.77000000,buy,2022-05-14 18:17:48.541324+00:00
2022-05-14T18:16:41.967158Z,8311475,0.54000000,28.00000000,buy,2022-05-14 18:16:41.967158+00:00
2022-05-14T18:15:40.488532Z,8311474,0.54000000,12.54000000,sell,2022-05-14 18:15:40.488532+00:00
2022-05-14T18:15:40.488532Z,8311473,0.54000000,28.00000000,sell,2022-05-14 18:15:40.488532+00:00
2022-05-14T18:15:11.040533Z,8311472,0.53000000,26.86000000,buy,2022-05-14 18:15:11.040533+00:00
2022-05-14T18:15:02.073895Z,8311471,0.53000000,101.83000000,buy,2022-05-14 18:15:02.073895+00:00
2022-05-14T18:14:41.223537Z,8311470,0.54000000,28.00000000,buy,2022-05-14 18:14:41.223537+00:00
2022-05-14T18:14:37.028738Z,8311469,0.54000000,25.65000000,sell,2022-05-14 18:14:37.028738+00:00
2022-05-14T18:14:37.028738Z,8311468,0.54000000,28.00000000,sell,2022-05-14 18:14:37.028738+00:00
2022-05-14T18:14:28.195792Z,8311467,0.54000000,26.86000000,sell,2022-05-14 18:14:28.195792+00:00
2022-05-14T18:13:55.949125Z,8311466,0.54000000,19.24000000,sell,2022-05-14 18:13:55.949125+00:00
2022-05-14T18:13:55.949125Z,8311465,0.54000000,44.46000000,sell,2022-05-14 18:13:55.949125+00:00
2022-05-14T18:12:28.145656Z,8311464,0.53000000,26.86000000,buy,2022-05-14 18:12:28.145656+00:00
2022-05-14T18:11:41.17487Z,8311463,0.54000000,18.19000000,sell,2022-05-14 18:11:41.174870+00:00
2022-05-14T18:11:36.903032Z,8311462,0.54000000,2000.00000000,buy,2022-05-14 18:11:36.903032+00:00
2022-05-14T18:11:36.903032Z,8311461,0.54000000,28.00000000,buy,2022-05-14 18:11:36.903032+00:00
2022-05-14T18:11:32.345762Z,8311460,0.54000000,89.49000000,sell,2022-05-14 18:11:32.345762+00:00
2022-05-14T18:11:32.345762Z,8311459,0.54000000,2.52000000,sell,2022-05-14 18:11:32.345762+00:00
2022-05-14T18:11:32.345762Z,8311458,0.54000000,1.50000000,sell,2022-05-14 18:11:32.345762+00:00
2022-05-14T18:11:32.345762Z,8311457,0.54000000,28.00000000,sell,2022-05-14 18:11:32.345762+00:00
2022-05-14T18:11:32.345762Z,8311456,0.54000000,4.89000000,sell,2022-05-14 18:11:32.345762+00:00
2022-05-14T18:11:32.345762Z,8311455,0.54000000,920.00000000,sell,2022-05-14 18:11:32.345762+00:00
2022-05-14T18:11:32.345762Z,8311454,0.54000000,60.00000000,sell,2022-05-14 18:11:32.345762+00:00
2022-05-14T18:11:32.345762Z,8311453,0.54000000,55.73000000,sell,2022-05-14 18:11:32.345762+00:00
2022-05-14T18:11:32.345762Z,8311452,0.54000000,75.62000000,sell,2022-05-14 18:11:32.345762+00:00
2022-05-14T18:11:17.672042Z,8311451,0.54000000,18.52000000,sell,2022-05-14 18:11:17.672042+00:00
2022-05-14T18:09:51.7562Z,8311450,0.54000000,46.07000000,sell,2022-05-14 18:09:51.756200+00:00
2022-05-14T18:09:41.006739Z,8311449,0.54000000,26.86000000,sell,2022-05-14 18:09:41.006739+00:00
2022-05-14T18:09:34.973451Z,8311448,0.53000000,1.95000000,buy,2022-05-14 18:09:34.973451+00:00
2022-05-14T18:09:21.072181Z,8311447,0.53000000,1.95000000,buy,2022-05-14 18:09:21.072181+00:00
2022-05-14T18:09:07.037243Z,8311446,0.53000000,91.54000000,buy,2022-05-14 18:09:07.037243+00:00
2022-05-14T18:09:07.037243Z,8311445,0.53000000,9.21000000,buy,2022-05-14 18:09:07.037243+00:00
2022-05-14T18:07:00.03264Z,8311444,0.53000000,1.62000000,buy,2022-05-14 18:07:00.032640+00:00
2022-05-14T18:06:52.813615Z,8311443,0.53000000,5.84000000,buy,2022-05-14 18:06:52.813615+00:00
2022-05-14T18:05:25.650831Z,8311442,0.53000000,5.00000000,buy,2022-05-14 18:05:25.650831+00:00
2022-05-14T18:04:24.036266Z,8311441,0.54000000,9.20000000,sell,2022-05-14 18:04:24.036266+00:00
2022-05-14T18:03:09.546577Z,8311440,0.54000000,1554.65000000,sell,2022-05-14 18:03:09.546577+00:00
2022-05-14T17:59:47.228083Z,8311439,0.53000000,28.00000000,sell,2022-05-14 17:59:47.228083+00:00
2022-05-14T17:59:47.228083Z,8311438,0.53000000,74.67000000,sell,2022-05-14 17:59:47.228083+00:00
2022-05-14T17:59:03.752004Z,8311437,0.53000000,160.74000000,buy,2022-05-14 17:59:03.752004+00:00
2022-05-14T17:59:03.752004Z,8311436,0.53000000,28.00000000,buy,2022-05-14 17:59:03.752004+00:00
2022-05-14T17:58:38.843734Z,8311435,0.53000000,28.00000000,sell,2022-05-14 17:58:38.843734+00:00
2022-05-14T17:58:38.843734Z,8311434,0.53000000,80.37000000,sell,2022-05-14 17:58:38.843734+00:00
2022-05-14T17:58:38.645685Z,8311433,0.53000000,575.43000000,sell,2022-05-14 17:58:38.645685+00:00
2022-05-14T17:58:38.645685Z,8311432,0.53000000,28.00000000,sell,2022-05-14 17:58:38.645685+00:00
2022-05-14T17:58:38.645685Z,8311431,0.53000000,100.00000000,sell,2022-05-14 17:58:38.645685+00:00
2022-05-14T17:57:22.15759Z,8311430,0.53000000,1055.84000000,sell,2022-05-14 17:57:22.157590+00:00
2022-05-14T17:57:22.15759Z,8311429,0.53000000,28.00000000,sell,2022-05-14 17:57:22.157590+00:00
2022-05-14T17:57:22.15759Z,8311428,0.53000000,118.56000000,sell,2022-05-14 17:57:22.157590+00:00
2022-05-14T17:56:11.470203Z,8311427,0.52000000,836.63000000,buy,2022-05-14 17:56:11.470203+00:00
2022-05-14T17:53:28.162581Z,8311426,0.53000000,38.19000000,buy,2022-05-14 17:53:28.162581+00:00
2022-05-14T17:53:28.162581Z,8311425,0.53000000,88.92000000,buy,2022-05-14 17:53:28.162581+00:00
2022-05-14T17:53:28.162581Z,8311424,0.53000000,28.00000000,buy,2022-05-14 17:53:28.162581+00:00
2022-05-14T17:53:06.670678Z,8311423,0.53000000,0.70000000,buy,2022-05-14 17:53:06.670678+00:00
2022-05-14T17:52:40.524549Z,8311422,0.53000000,141.36000000,sell,2022-05-14 17:52:40.524549+00:00
2022-05-14T17:52:40.524549Z,8311421,0.53000000,28.00000000,sell,2022-05-14 17:52:40.524549+00:00
2022-05-14T17:52:28.650037Z,8311420,0.53000000,390.55000000,buy,2022-05-14 17:52:28.650037+00:00
2022-05-14T17:52:28.546433Z,8311419,0.53000000,3060.00000000,buy,2022-05-14 17:52:28.546433+00:00
2022-05-14T17:52:28.524456Z,8311418,0.53000000,748.27000000,buy,2022-05-14 17:52:28.524456+00:00
2022-05-14T17:52:28.509803Z,8311417,0.53000000,665.48000000,buy,2022-05-14 17:52:28.509803+00:00
2022-05-14T17:52:28.509803Z,8311416,0.53000000,18.24000000,buy,2022-05-14 17:52:28.509803+00:00
2022-05-14T17:52:28.509803Z,8311415,0.53000000,28.00000000,buy,2022-05-14 17:52:28.509803+00:00
2022-05-14T17:52:28.509803Z,8311414,0.53000000,95.76000000,buy,2022-05-14 17:52:28.509803+00:00
2022-05-14T17:49:59.425849Z,8311413,0.53000000,2.66000000,sell,2022-05-14 17:49:59.425849+00:00
2022-05-14T17:49:59.425849Z,8311412,0.53000000,131.10000000,sell,2022-05-14 17:49:59.425849+00:00
2022-05-14T17:49:59.425849Z,8311411,0.53000000,28.00000000,sell,2022-05-14 17:49:59.425849+00:00
2022-05-14T17:48:45.008447Z,8311410,0.53000000,46.88000000,sell,2022-05-14 17:48:45.008447+00:00
2022-05-14T17:48:27.437726Z,8311409,0.52000000,54.58000000,buy,2022-05-14 17:48:27.437726+00:00
2022-05-14T17:48:24.048937Z,8311408,0.53000000,15.56000000,sell,2022-05-14 17:48:24.048937+00:00
2022-05-14T17:48:16.740457Z,8311407,0.53000000,92.91000000,buy,2022-05-14 17:48:16.740457+00:00
2022-05-14T17:48:16.740457Z,8311406,0.53000000,28.00000000,buy,2022-05-14 17:48:16.740457+00:00
2022-05-14T17:47:41.707967Z,8311405,0.53000000,83.22000000,sell,2022-05-14 17:47:41.707967+00:00
2022-05-14T17:47:41.707967Z,8311404,0.53000000,28.00000000,sell,2022-05-14 17:47:41.707967+00:00
2022-05-14T17:47:38.021591Z,8311403,0.53000000,194.30000000,buy,2022-05-14 17:47:38.021591+00:00
2022-05-14T17:47:38.021591Z,8311402,0.53000000,92.91000000,buy,2022-05-14 17:47:38.021591+00:00
2022-05-14T17:47:38.021591Z,8311401,0.53000000,28.00000000,buy,2022-05-14 17:47:38.021591+00:00
2022-05-14T17:47:23.231475Z,8311400,0.53000000,3.50000000,sell,2022-05-14 17:47:23.231475+00:00
2022-05-14T17:47:23.231475Z,8311399,0.53000000,60.91000000,sell,2022-05-14 17:47:23.231475+00:00
2022-05-14T17:47:23.231475Z,8311398,0.53000000,77.08000000,sell,2022-05-14 17:47:23.231475+00:00
2022-05-14T17:47:23.231475Z,8311397,0.53000000,4.89000000,sell,2022-05-14 17:47:23.231475+00:00
2022-05-14T17:47:23.231475Z,8311396,0.53000000,161.31000000,sell,2022-05-14 17:47:23.231475+00:00
2022-05-14T17:47:23.231475Z,8311395,0.53000000,28.00000000,sell,2022-05-14 17:47:23.231475+00:00
2022-05-14T17:47:23.231475Z,8311394,0.53000000,701.26000000,sell,2022-05-14 17:47:23.231475+00:00
2022-05-14T17:45:27.902441Z,8311393,0.53000000,93.86000000,sell,2022-05-14 17:45:27.902441+00:00
2022-05-14T17:41:19.329222Z,8311392,0.52000000,5.59000000,buy,2022-05-14 17:41:19.329222+00:00
2022-05-14T17:41:11.397567Z,8311391,0.52000000,0.75000000,buy,2022-05-14 17:41:11.397567+00:00
2022-05-14T17:38:26.323719Z,8311390,0.52000000,0.60000000,buy,2022-05-14 17:38:26.323719+00:00
2022-05-14T17:38:10.48546Z,8311389,0.52000000,1112.00000000,buy,2022-05-14 17:38:10.485460+00:00
2022-05-14T17:38:10.48546Z,8311388,0.52000000,14.00000000,buy,2022-05-14 17:38:10.485460+00:00
2022-05-14T17:38:10.48546Z,8311387,0.52000000,2000.00000000,buy,2022-05-14 17:38:10.485460+00:00
2022-05-14T17:37:45.889535Z,8311386,0.52000000,2333.02000000,buy,2022-05-14 17:37:45.889535+00:00
2022-05-14T17:37:45.889535Z,8311385,0.52000000,34.77000000,buy,2022-05-14 17:37:45.889535+00:00
2022-05-14T17:37:45.889535Z,8311384,0.52000000,60.91000000,buy,2022-05-14 17:37:45.889535+00:00
2022-05-14T17:37:45.889535Z,8311383,0.52000000,28.00000000,buy,2022-05-14 17:37:45.889535+00:00
2022-05-14T17:37:45.889535Z,8311382,0.52000000,77.08000000,buy,2022-05-14 17:37:45.889535+00:00
2022-05-14T17:37:45.889535Z,8311381,0.52000000,920.00000000,buy,2022-05-14 17:37:45.889535+00:00
2022-05-14T17:37:26.917558Z,8311380,0.52000000,1000.00000000,buy,2022-05-14 17:37:26.917558+00:00
2022-05-14T17:36:46.881838Z,8311379,0.52000000,2802.45000000,buy,2022-05-14 17:36:46.881838+00:00
2022-05-14T17:36:46.866521Z,8311378,0.52000000,1000.00000000,buy,2022-05-14 17:36:46.866521+00:00
2022-05-14T17:35:34.651812Z,8311377,0.52000000,3.56000000,buy,2022-05-14 17:35:34.651812+00:00
2022-05-14T17:34:54.322078Z,8311376,0.52000000,2.34000000,buy,2022-05-14 17:34:54.322078+00:00
2022-05-14T17:34:27.66155Z,8311375,0.52000000,2.40000000,buy,2022-05-14 17:34:27.661550+00:00
2022-05-14T17:31:44.919871Z,8311374,0.52000000,0.69000000,buy,2022-05-14 17:31:44.919871+00:00
2022-05-14T17:30:17.938953Z,8311373,0.52000000,0.70000000,buy,2022-05-14 17:30:17.938953+00:00
2022-05-14T17:27:27.882605Z,8311372,0.52000000,2014.68000000,buy,2022-05-14 17:27:27.882605+00:00
2022-05-14T17:24:54.416816Z,8311371,0.52000000,5.76000000,buy,2022-05-14 17:24:54.416816+00:00
2022-05-14T17:23:49.017742Z,8311370,0.52000000,81.63000000,buy,2022-05-14 17:23:49.017742+00:00
2022-05-14T17:22:56.384431Z,8311369,0.53000000,90.13000000,sell,2022-05-14 17:22:56.384431+00:00
2022-05-14T17:21:12.530631Z,8311368,0.53000000,34.75000000,sell,2022-05-14 17:21:12.530631+00:00
2022-05-14T17:18:45.549108Z,8311367,0.53000000,11388.89000000,sell,2022-05-14 17:18:45.549108+00:00
2022-05-14T17:18:45.549108Z,8311366,0.53000000,1041.11000000,sell,2022-05-14 17:18:45.549108+00:00
2022-05-14T17:16:36.383969Z,8311365,0.53000000,21.61000000,sell,2022-05-14 17:16:36.383969+00:00
2022-05-14T17:14:22.036606Z,8311364,0.53000000,3.63000000,sell,2022-05-14 17:14:22.036606+00:00
2022-05-14T17:13:25.922201Z,8311363,0.52000000,62.65000000,buy,2022-05-14 17:13:25.922201+00:00
2022-05-14T17:12:53.462364Z,8311362,0.53000000,2.27000000,sell,2022-05-14 17:12:53.462364+00:00
2022-05-14T17:11:28.497981Z,8311361,0.53000000,45.03000000,buy,2022-05-14 17:11:28.497981+00:00
2022-05-14T17:11:28.497981Z,8311360,0.53000000,28.00000000,buy,2022-05-14 17:11:28.497981+00:00
2022-05-14T17:11:28.491606Z,8311359,0.53000000,738.09000000,buy,2022-05-14 17:11:28.491606+00:00
2022-05-14T17:10:44.54697Z,8311358,0.53000000,8405.23000000,buy,2022-05-14 17:10:44.546970+00:00
2022-05-14T17:10:44.54697Z,8311357,0.53000000,90.63000000,buy,2022-05-14 17:10:44.546970+00:00
2022-05-14T17:10:44.54697Z,8311356,0.53000000,28.00000000,buy,2022-05-14 17:10:44.546970+00:00
2022-05-14T17:10:44.54697Z,8311355,0.53000000,2000.00000000,buy,2022-05-14 17:10:44.546970+00:00
2022-05-14T17:10:29.63336Z,8311354,0.53000000,169.86000000,sell,2022-05-14 17:10:29.633360+00:00
2022-05-14T17:10:29.63336Z,8311353,0.53000000,28.00000000,sell,2022-05-14 17:10:29.633360+00:00
2022-05-14T17:10:29.63336Z,8311352,0.53000000,60.00000000,sell,2022-05-14 17:10:29.633360+00:00
2022-05-14T17:10:29.63336Z,8311351,0.53000000,77.08000000,sell,2022-05-14 17:10:29.633360+00:00
2022-05-14T17:10:29.63336Z,8311350,0.53000000,1.71000000,sell,2022-05-14 17:10:29.633360+00:00
2022-05-14T17:10:29.63336Z,8311349,0.53000000,920.00000000,sell,2022-05-14 17:10:29.633360+00:00
2022-05-14T17:09:16.13147Z,8311348,0.53000000,68.31000000,sell,2022-05-14 17:09:16.131470+00:00
2022-05-14T17:09:10.019196Z,8311347,0.53000000,71.36000000,sell,2022-05-14 17:09:10.019196+00:00
2022-05-14T17:07:28.82671Z,8311346,0.52000000,5.29000000,buy,2022-05-14 17:07:28.826710+00:00
2022-05-14T17:05:58.909688Z,8311345,0.52000000,29.79000000,buy,2022-05-14 17:05:58.909688+00:00
2022-05-14T17:05:30.215979Z,8311344,0.52000000,0.86000000,buy,2022-05-14 17:05:30.215979+00:00
2022-05-14T17:05:12.226467Z,8311343,0.52000000,62.47000000,buy,2022-05-14 17:05:12.226467+00:00
2022-05-14T17:04:17.196227Z,8311342,0.52000000,927.76000000,buy,2022-05-14 17:04:17.196227+00:00
2022-05-14T17:04:17.143549Z,8311341,0.52000000,315.21000000,buy,2022-05-14 17:04:17.143549+00:00
2022-05-14T17:04:17.024087Z,8311340,0.52000000,1000.00000000,buy,2022-05-14 17:04:17.024087+00:00
2022-05-14T17:04:02.545182Z,8311339,0.53000000,235.37000000,sell,2022-05-14 17:04:02.545182+00:00
2022-05-14T17:03:44.911607Z,8311338,0.52000000,679.95000000,buy,2022-05-14 17:03:44.911607+00:00
2022-05-14T17:03:44.857822Z,8311337,0.52000000,315.21000000,buy,2022-05-14 17:03:44.857822+00:00
2022-05-14T17:03:44.330342Z,8311336,0.52000000,315.21000000,buy,2022-05-14 17:03:44.330342+00:00
2022-05-14T17:03:43.766858Z,8311335,0.52000000,315.21000000,buy,2022-05-14 17:03:43.766858+00:00
2022-05-14T17:03:42.559175Z,8311334,0.52000000,315.21000000,buy,2022-05-14 17:03:42.559175+00:00
2022-05-14T17:03:42.030667Z,8311333,0.52000000,315.21000000,buy,2022-05-14 17:03:42.030667+00:00
2022-05-14T17:03:42.005169Z,8311332,0.52000000,2768.94000000,buy,2022-05-14 17:03:42.005169+00:00
2022-05-14T17:03:41.895328Z,8311331,0.52000000,2669.31000000,buy,2022-05-14 17:03:41.895328+00:00
2022-05-14T17:03:41.895328Z,8311330,0.52000000,28.00000000,buy,2022-05-14 17:03:41.895328+00:00
2022-05-14T17:03:30.176528Z,8311329,0.52000000,413.05000000,sell,2022-05-14 17:03:30.176528+00:00
2022-05-14T17:03:30.176528Z,8311328,0.52000000,651.23000000,sell,2022-05-14 17:03:30.176528+00:00
2022-05-14T17:03:30.176528Z,8311327,0.52000000,619.39000000,sell,2022-05-14 17:03:30.176528+00:00
2022-05-14T17:03:30.176528Z,8311326,0.52000000,78.59000000,sell,2022-05-14 17:03:30.176528+00:00
2022-05-14T17:03:30.176528Z,8311325,0.52000000,920.00000000,sell,2022-05-14 17:03:30.176528+00:00
2022-05-14T17:03:30.176528Z,8311324,0.52000000,28.00000000,sell,2022-05-14 17:03:30.176528+00:00
2022-05-14T17:02:31.36325Z,8311323,0.52000000,60.00000000,sell,2022-05-14 17:02:31.363250+00:00
2022-05-14T17:01:23.094682Z,8311322,0.52000000,60.87000000,sell,2022-05-14 17:01:23.094682+00:00
2022-05-14T17:01:12.616157Z,8311321,0.52000000,60.00000000,sell,2022-05-14 17:01:12.616157+00:00
2022-05-14T17:00:55.681522Z,8311320,0.52000000,10.48000000,sell,2022-05-14 17:00:55.681522+00:00
2022-05-14T17:00:41.609017Z,8311319,0.52000000,184.00000000,sell,2022-05-14 17:00:41.609017+00:00
2022-05-14T16:59:53.268933Z,8311318,0.52000000,60.00000000,sell,2022-05-14 16:59:53.268933+00:00
2022-05-14T16:59:12.363679Z,8311317,0.52000000,185.63000000,sell,2022-05-14 16:59:12.363679+00:00
2022-05-14T16:58:28.636726Z,8311316,0.51000000,840.85000000,buy,2022-05-14 16:58:28.636726+00:00
2022-05-14T16:58:28.464359Z,8311315,0.51000000,3600.42000000,buy,2022-05-14 16:58:28.464359+00:00
2022-05-14T16:58:28.464359Z,8311314,0.51000000,1030.00000000,buy,2022-05-14 16:58:28.464359+00:00
2022-05-14T16:58:28.464359Z,8311313,0.51000000,466.89000000,buy,2022-05-14 16:58:28.464359+00:00
2022-05-14T16:58:28.464359Z,8311312,0.51000000,437.14000000,buy,2022-05-14 16:58:28.464359+00:00
2022-05-14T16:58:28.464359Z,8311311,0.51000000,392.59000000,buy,2022-05-14 16:58:28.464359+00:00
2022-05-14T16:58:28.464359Z,8311310,0.51000000,618.47000000,buy,2022-05-14 16:58:28.464359+00:00
2022-05-14T16:58:28.464359Z,8311309,0.51000000,477.16000000,buy,2022-05-14 16:58:28.464359+00:00
2022-05-14T16:58:28.464359Z,8311308,0.51000000,552.91000000,buy,2022-05-14 16:58:28.464359+00:00
2022-05-14T16:58:28.464359Z,8311307,0.51000000,510.99000000,buy,2022-05-14 16:58:28.464359+00:00
2022-05-14T16:58:28.464359Z,8311306,0.51000000,246.76000000,buy,2022-05-14 16:58:28.464359+00:00
2022-05-14T16:58:28.427046Z,8311305,0.52000000,1053.90000000,sell,2022-05-14 16:58:28.427046+00:00
2022-05-14T16:58:28.427046Z,8311304,0.52000000,579.69000000,sell,2022-05-14 16:58:28.427046+00:00
2022-05-14T16:58:28.427046Z,8311303,0.52000000,28.00000000,sell,2022-05-14 16:58:28.427046+00:00
2022-05-14T16:58:28.427046Z,8311302,0.52000000,100.00000000,sell,2022-05-14 16:58:28.427046+00:00
2022-05-14T16:58:28.399258Z,8311301,0.51000000,287.63000000,buy,2022-05-14 16:58:28.399258+00:00
2022-05-14T16:58:28.399258Z,8311300,0.51000000,1830.03000000,buy,2022-05-14 16:58:28.399258+00:00
2022-05-14T16:58:28.399258Z,8311299,0.51000000,120.00000000,buy,2022-05-14 16:58:28.399258+00:00
2022-05-14T16:58:28.399258Z,8311298,0.51000000,147.23000000,buy,2022-05-14 16:58:28.399258+00:00
2022-05-14T16:58:28.399258Z,8311297,0.51000000,920.00000000,buy,2022-05-14 16:58:28.399258+00:00
2022-05-14T16:58:28.399258Z,8311296,0.51000000,959.44000000,buy,2022-05-14 16:58:28.399258+00:00
2022-05-14T16:58:28.399258Z,8311295,0.51000000,3990.41000000,buy,2022-05-14 16:58:28.399258+00:00
2022-05-14T16:58:28.399258Z,8311294,0.51000000,78.59000000,buy,2022-05-14 16:58:28.399258+00:00
2022-05-14T16:58:28.384171Z,8311293,0.51000000,377.91000000,buy,2022-05-14 16:58:28.384171+00:00
2022-05-14T16:58:28.384171Z,8311292,0.52000000,100.00000000,buy,2022-05-14 16:58:28.384171+00:00
2022-05-14T16:58:28.384171Z,8311291,0.52000000,652.22000000,buy,2022-05-14 16:58:28.384171+00:00
2022-05-14T16:58:28.384171Z,8311290,0.52000000,394.18000000,buy,2022-05-14 16:58:28.384171+00:00
2022-05-14T16:58:28.384171Z,8311289,0.52000000,2475.05000000,buy,2022-05-14 16:58:28.384171+00:00
2022-05-14T16:58:28.380305Z,8311288,0.52000000,1000.00000000,buy,2022-05-14 16:58:28.380305+00:00
2022-05-14T16:58:28.373361Z,8311287,0.52000000,781.30000000,buy,2022-05-14 16:58:28.373361+00:00
2022-05-14T16:58:28.356074Z,8311286,0.52000000,6257.03000000,buy,2022-05-14 16:58:28.356074+00:00
2022-05-14T16:58:28.356074Z,8311285,0.52000000,571.62000000,buy,2022-05-14 16:58:28.356074+00:00
2022-05-14T16:58:28.356074Z,8311284,0.52000000,530.12000000,buy,2022-05-14 16:58:28.356074+00:00
2022-05-14T16:58:28.356074Z,8311283,0.52000000,974.56000000,buy,2022-05-14 16:58:28.356074+00:00
2022-05-14T16:58:28.345268Z,8311282,0.52000000,77.80000000,buy,2022-05-14 16:58:28.345268+00:00
2022-05-14T16:58:28.345268Z,8311281,0.52000000,28.00000000,buy,2022-05-14 16:58:28.345268+00:00
2022-05-14T16:58:28.345268Z,8311280,0.52000000,19182.19000000,buy,2022-05-14 16:58:28.345268+00:00
2022-05-14T16:57:57.620518Z,8311279,0.52000000,1.92000000,buy,2022-05-14 16:57:57.620518+00:00
2022-05-14T16:57:29.774951Z,8311278,0.53000000,17.24000000,sell,2022-05-14 16:57:29.774951+00:00
2022-05-14T16:57:26.441611Z,8311277,0.52000000,28.00000000,sell,2022-05-14 16:57:26.441611+00:00
2022-05-14T16:57:04.539047Z,8311276,0.52000000,15.96000000,buy,2022-05-14 16:57:04.539047+00:00
2022-05-14T16:57:04.539047Z,8311275,0.52000000,517.51000000,buy,2022-05-14 16:57:04.539047+00:00
2022-05-14T16:57:04.539047Z,8311274,0.52000000,28.00000000,buy,2022-05-14 16:57:04.539047+00:00
2022-05-14T16:57:04.539047Z,8311273,0.52000000,421.97000000,buy,2022-05-14 16:57:04.539047+00:00
2022-05-14T16:56:30.915722Z,8311272,0.52000000,28.00000000,sell,2022-05-14 16:56:30.915722+00:00
2022-05-14T16:56:30.915722Z,8311271,0.52000000,673.46000000,sell,2022-05-14 16:56:30.915722+00:00
2022-05-14T16:56:30.900724Z,8311270,0.52000000,396.47000000,sell,2022-05-14 16:56:30.900724+00:00
2022-05-14T16:56:30.784908Z,8311269,0.52000000,423.46000000,sell,2022-05-14 16:56:30.784908+00:00
2022-05-14T16:56:30.754648Z,8311268,0.52000000,1000.00000000,sell,2022-05-14 16:56:30.754648+00:00
2022-05-14T16:56:30.733297Z,8311267,0.52000000,3060.00000000,sell,2022-05-14 16:56:30.733297+00:00
2022-05-14T16:56:30.710899Z,8311266,0.52000000,456.97000000,sell,2022-05-14 16:56:30.710899+00:00
2022-05-14T16:56:30.651215Z,8311265,0.52000000,493.13000000,sell,2022-05-14 16:56:30.651215+00:00
2022-05-14T16:56:29.901212Z,8311264,0.52000000,532.15000000,sell,2022-05-14 16:56:29.901212+00:00
2022-05-14T16:56:29.777537Z,8311263,0.52000000,574.27000000,sell,2022-05-14 16:56:29.777537+00:00
2022-05-14T16:56:29.717024Z,8311262,0.52000000,619.71000000,sell,2022-05-14 16:56:29.717024+00:00
2022-05-14T16:56:29.647866Z,8311261,0.52000000,668.76000000,sell,2022-05-14 16:56:29.647866+00:00
2022-05-14T16:56:29.232145Z,8311260,0.52000000,598.00000000,sell,2022-05-14 16:56:29.232145+00:00
2022-05-14T16:56:29.222205Z,8311259,0.52000000,588.00000000,sell,2022-05-14 16:56:29.222205+00:00
2022-05-14T16:56:29.212522Z,8311258,0.52000000,346.24000000,sell,2022-05-14 16:56:29.212522+00:00
2022-05-14T16:56:29.20518Z,8311257,0.52000000,352.00000000,sell,2022-05-14 16:56:29.205180+00:00
2022-05-14T16:56:29.194611Z,8311256,0.52000000,1303.00000000,sell,2022-05-14 16:56:29.194611+00:00
2022-05-14T16:56:29.188421Z,8311255,0.52000000,347.00000000,sell,2022-05-14 16:56:29.188421+00:00
2022-05-14T16:56:29.180071Z,8311254,0.52000000,468.00000000,sell,2022-05-14 16:56:29.180071+00:00
2022-05-14T16:56:28.902173Z,8311253,0.52000000,721.68000000,sell,2022-05-14 16:56:28.902173+00:00
2022-05-14T16:56:28.775527Z,8311252,0.52000000,778.79000000,sell,2022-05-14 16:56:28.775527+00:00
2022-05-14T16:56:28.698986Z,8311251,0.52000000,840.42000000,sell,2022-05-14 16:56:28.698986+00:00
2022-05-14T16:56:28.642834Z,8311250,0.52000000,906.93000000,sell,2022-05-14 16:56:28.642834+00:00
2022-05-14T16:56:26.963293Z,8311249,0.52000000,1000.00000000,sell,2022-05-14 16:56:26.963293+00:00
2022-05-14T16:55:54.083656Z,8311248,0.52000000,972.00000000,sell,2022-05-14 16:55:54.083656+00:00
2022-05-14T16:55:54.083656Z,8311247,0.52000000,28.00000000,sell,2022-05-14 16:55:54.083656+00:00
2022-05-14T16:55:43.803983Z,8311246,0.52000000,18.24000000,buy,2022-05-14 16:55:43.803983+00:00
2022-05-14T16:55:43.803983Z,8311245,0.52000000,28.00000000,buy,2022-05-14 16:55:43.803983+00:00
2022-05-14T16:55:43.803983Z,8311244,0.52000000,14.25000000,buy,2022-05-14 16:55:43.803983+00:00
2022-05-14T16:55:43.511796Z,8311243,0.52000000,386.54000000,buy,2022-05-14 16:55:43.511796+00:00
2022-05-14T16:55:43.511796Z,8311242,0.52000000,467.82000000,buy,2022-05-14 16:55:43.511796+00:00
2022-05-14T16:55:43.511796Z,8311241,0.52000000,65.64000000,buy,2022-05-14 16:55:43.511796+00:00
2022-05-14T16:55:43.488274Z,8311240,0.52000000,11.44000000,buy,2022-05-14 16:55:43.488274+00:00
2022-05-14T16:55:43.488274Z,8311239,0.52000000,35.34000000,buy,2022-05-14 16:55:43.488274+00:00
2022-05-14T16:55:43.488274Z,8311238,0.52000000,28.00000000,buy,2022-05-14 16:55:43.488274+00:00
2022-05-14T16:55:43.488274Z,8311237,0.52000000,671.76000000,buy,2022-05-14 16:55:43.488274+00:00
2022-05-14T16:55:43.269388Z,8311236,0.52000000,248.24000000,buy,2022-05-14 16:55:43.269388+00:00
2022-05-14T16:55:43.269388Z,8311235,0.52000000,38.47000000,buy,2022-05-14 16:55:43.269388+00:00
2022-05-14T16:55:43.269388Z,8311234,0.52000000,28.50000000,buy,2022-05-14 16:55:43.269388+00:00
2022-05-14T16:55:02.439748Z,8311233,0.53000000,75.02000000,sell,2022-05-14 16:55:02.439748+00:00
2022-05-14T16:52:48.842149Z,8311232,0.53000000,16.92000000,sell,2022-05-14 16:52:48.842149+00:00
2022-05-14T16:52:16.204726Z,8311231,0.53000000,74.22000000,sell,2022-05-14 16:52:16.204726+00:00
2022-05-14T16:52:11.3061Z,8311230,0.53000000,75.62000000,sell,2022-05-14 16:52:11.306100+00:00
2022-05-14T16:51:46.665843Z,8311229,0.52000000,23.07000000,buy,2022-05-14 16:51:46.665843+00:00
2022-05-14T16:51:42.63552Z,8311228,0.53000000,925.77000000,sell,2022-05-14 16:51:42.635520+00:00
2022-05-14T16:51:42.63552Z,8311227,0.53000000,28.00000000,sell,2022-05-14 16:51:42.635520+00:00
2022-05-14T16:51:42.168143Z,8311226,0.53000000,28.00000000,buy,2022-05-14 16:51:42.168143+00:00
2022-05-14T16:51:42.168143Z,8311225,0.53000000,496.74000000,buy,2022-05-14 16:51:42.168143+00:00
2022-05-14T16:51:42.168143Z,8311224,0.53000000,338.27000000,buy,2022-05-14 16:51:42.168143+00:00
2022-05-14T16:51:42.153091Z,8311223,0.53000000,131.14000000,buy,2022-05-14 16:51:42.153091+00:00
2022-05-14T16:51:42.153091Z,8311222,0.53000000,358.03000000,buy,2022-05-14 16:51:42.153091+00:00
2022-05-14T16:51:42.12445Z,8311221,0.53000000,205.74000000,buy,2022-05-14 16:51:42.124450+00:00
2022-05-14T16:51:42.12445Z,8311220,0.53000000,479.95000000,buy,2022-05-14 16:51:42.124450+00:00
2022-05-14T16:51:42.098561Z,8311219,0.53000000,523.58000000,buy,2022-05-14 16:51:42.098561+00:00
2022-05-14T16:51:42.098561Z,8311218,0.53000000,28.00000000,buy,2022-05-14 16:51:42.098561+00:00
2022-05-14T16:51:42.098561Z,8311217,0.53000000,489.17000000,buy,2022-05-14 16:51:42.098561+00:00
2022-05-14T16:51:41.667743Z,8311216,0.53000000,336.30000000,buy,2022-05-14 16:51:41.667743+00:00
2022-05-14T16:51:37.094152Z,8311215,0.53000000,94.53000000,buy,2022-05-14 16:51:37.094152+00:00
2022-05-14T16:51:33.297831Z,8311214,0.54000000,18.52000000,sell,2022-05-14 16:51:33.297831+00:00
2022-05-14T16:51:33.103967Z,8311213,0.54000000,55.00000000,sell,2022-05-14 16:51:33.103967+00:00
2022-05-14T16:51:26.29973Z,8311212,0.53000000,1900.00000000,buy,2022-05-14 16:51:26.299730+00:00
2022-05-14T16:51:25.972967Z,8311211,0.54000000,28.00000000,buy,2022-05-14 16:51:25.972967+00:00
2022-05-14T16:51:25.972967Z,8311210,0.54000000,579.69000000,buy,2022-05-14 16:51:25.972967+00:00
2022-05-14T16:51:25.972967Z,8311209,0.54000000,920.00000000,buy,2022-05-14 16:51:25.972967+00:00
2022-05-14T16:51:25.171684Z,8311208,0.54000000,7725.64000000,buy,2022-05-14 16:51:25.171684+00:00
2022-05-14T16:51:25.171684Z,8311207,0.54000000,28.00000000,buy,2022-05-14 16:51:25.171684+00:00
2022-05-14T16:51:25.171684Z,8311206,0.54000000,579.69000000,buy,2022-05-14 16:51:25.171684+00:00
2022-05-14T16:51:24.654861Z,8311205,0.54000000,579.69000000,buy,2022-05-14 16:51:24.654861+00:00
2022-05-14T16:51:24.654861Z,8311204,0.54000000,121.37000000,buy,2022-05-14 16:51:24.654861+00:00
2022-05-14T16:51:24.548586Z,8311203,0.54000000,458.32000000,sell,2022-05-14 16:51:24.548586+00:00
2022-05-14T16:51:24.532973Z,8311202,0.55000000,414.24000000,sell,2022-05-14 16:51:24.532973+00:00
2022-05-14T16:51:24.532973Z,8311201,0.55000000,579.69000000,sell,2022-05-14 16:51:24.532973+00:00
2022-05-14T16:51:24.532973Z,8311200,0.55000000,2540.00000000,sell,2022-05-14 16:51:24.532973+00:00
2022-05-14T16:51:24.532973Z,8311199,0.55000000,20.00000000,sell,2022-05-14 16:51:24.532973+00:00
2022-05-14T16:51:24.532973Z,8311198,0.55000000,60.00000000,sell,2022-05-14 16:51:24.532973+00:00
2022-05-14T16:51:24.532973Z,8311197,0.55000000,55.00000000,sell,2022-05-14 16:51:24.532973+00:00
2022-05-14T16:51:24.532973Z,8311196,0.55000000,74.22000000,sell,2022-05-14 16:51:24.532973+00:00
2022-05-14T16:51:24.532973Z,8311195,0.54000000,458.32000000,sell,2022-05-14 16:51:24.532973+00:00
2022-05-14T16:51:24.532973Z,8311194,0.54000000,637.30000000,sell,2022-05-14 16:51:24.532973+00:00
2022-05-14T16:51:24.532973Z,8311193,0.54000000,28.00000000,sell,2022-05-14 16:51:24.532973+00:00
2022-05-14T16:51:24.532973Z,8311192,0.54000000,522.38000000,sell,2022-05-14 16:51:24.532973+00:00
2022-05-14T16:51:24.532973Z,8311191,0.54000000,624.78000000,sell,2022-05-14 16:51:24.532973+00:00
2022-05-14T16:51:24.532973Z,8311190,0.54000000,920.00000000,sell,2022-05-14 16:51:24.532973+00:00
2022-05-14T16:51:24.532973Z,8311189,0.54000000,579.69000000,sell,2022-05-14 16:51:24.532973+00:00
2022-05-14T16:51:24.532973Z,8311188,0.54000000,665.46000000,sell,2022-05-14 16:51:24.532973+00:00
2022-05-14T16:51:24.532973Z,8311187,0.54000000,18.63000000,sell,2022-05-14 16:51:24.532973+00:00
2022-05-14T16:51:24.532973Z,8311186,0.54000000,60.00000000,sell,2022-05-14 16:51:24.532973+00:00
2022-05-14T16:51:24.532973Z,8311185,0.54000000,75.62000000,sell,2022-05-14 16:51:24.532973+00:00
2022-05-14T16:51:24.305913Z,8311184,0.53000000,1.98000000,buy,2022-05-14 16:51:24.305913+00:00
2022-05-14T16:51:24.291773Z,8311183,0.53000000,3.97000000,buy,2022-05-14 16:51:24.291773+00:00
2022-05-14T16:51:24.276471Z,8311182,0.53000000,7.94000000,buy,2022-05-14 16:51:24.276471+00:00
2022-05-14T16:51:24.265521Z,8311181,0.53000000,14.92000000,sell,2022-05-14 16:51:24.265521+00:00
2022-05-14T16:51:24.265521Z,8311180,0.53000000,1.00000000,sell,2022-05-14 16:51:24.265521+00:00
2022-05-14T16:51:24.221518Z,8311179,0.53000000,655.39000000,sell,2022-05-14 16:51:24.221518+00:00
2022-05-14T16:51:24.143981Z,8311178,0.53000000,153.52000000,sell,2022-05-14 16:51:24.143981+00:00
2022-05-14T16:51:24.143981Z,8311177,0.53000000,2018.84000000,sell,2022-05-14 16:51:24.143981+00:00
2022-05-14T16:51:24.143981Z,8311176,0.53000000,443.33000000,sell,2022-05-14 16:51:24.143981+00:00
2022-05-14T16:51:24.143981Z,8311175,0.53000000,507.87000000,sell,2022-05-14 16:51:24.143981+00:00
2022-05-14T16:51:24.143981Z,8311174,0.53000000,443.33000000,sell,2022-05-14 16:51:24.143981+00:00
2022-05-14T16:51:24.143981Z,8311173,0.53000000,443.33000000,sell,2022-05-14 16:51:24.143981+00:00
2022-05-14T16:51:24.143981Z,8311172,0.53000000,1070.48000000,sell,2022-05-14 16:51:24.143981+00:00
2022-05-14T16:51:24.143981Z,8311171,0.53000000,28.00000000,sell,2022-05-14 16:51:24.143981+00:00
2022-05-14T16:51:24.143981Z,8311170,0.53000000,502.72000000,sell,2022-05-14 16:51:24.143981+00:00
2022-05-14T16:51:24.143981Z,8311169,0.53000000,394.84000000,sell,2022-05-14 16:51:24.143981+00:00
2022-05-14T16:51:24.143981Z,8311168,0.53000000,515.68000000,sell,2022-05-14 16:51:24.143981+00:00
2022-05-14T16:51:24.143981Z,8311167,0.53000000,585.94000000,sell,2022-05-14 16:51:24.143981+00:00
2022-05-14T16:51:24.143981Z,8311166,0.53000000,666.86000000,sell,2022-05-14 16:51:24.143981+00:00
2022-05-14T16:51:24.143981Z,8311165,0.53000000,558.59000000,sell,2022-05-14 16:51:24.143981+00:00
2022-05-14T16:51:24.131713Z,8311164,0.53000000,361.41000000,sell,2022-05-14 16:51:24.131713+00:00
2022-05-14T16:51:24.131713Z,8311163,0.53000000,638.59000000,sell,2022-05-14 16:51:24.131713+00:00
2022-05-14T16:51:24.131692Z,8311162,0.53000000,579.69000000,sell,2022-05-14 16:51:24.131692+00:00
2022-05-14T16:51:24.029387Z,8311161,0.53000000,3531.72000000,sell,2022-05-14 16:51:24.029387+00:00
2022-05-14T16:51:24.029387Z,8311160,0.53000000,0.57000000,sell,2022-05-14 16:51:24.029387+00:00
2022-05-14T16:51:24.029387Z,8311159,0.53000000,0.57000000,sell,2022-05-14 16:51:24.029387+00:00
2022-05-14T16:51:24.029387Z,8311158,0.53000000,0.57000000,sell,2022-05-14 16:51:24.029387+00:00
2022-05-14T16:51:24.029387Z,8311157,0.53000000,0.57000000,sell,2022-05-14 16:51:24.029387+00:00
2022-05-14T16:51:24.029387Z,8311156,0.53000000,0.57000000,sell,2022-05-14 16:51:24.029387+00:00
2022-05-14T16:51:24.029387Z,8311155,0.53000000,0.57000000,sell,2022-05-14 16:51:24.029387+00:00
2022-05-14T16:51:24.029387Z,8311154,0.53000000,0.57000000,sell,2022-05-14 16:51:24.029387+00:00
2022-05-14T16:51:24.029387Z,8311153,0.53000000,0.57000000,sell,2022-05-14 16:51:24.029387+00:00
2022-05-14T16:51:24.029387Z,8311152,0.53000000,0.57000000,sell,2022-05-14 16:51:24.029387+00:00
2022-05-14T16:51:23.974796Z,8311151,0.53000000,13804.34000000,sell,2022-05-14 16:51:23.974796+00:00
2022-05-14T16:51:23.974796Z,8311150,0.53000000,0.57000000,sell,2022-05-14 16:51:23.974796+00:00
2022-05-14T16:51:23.974796Z,8311149,0.53000000,0.57000000,sell,2022-05-14 16:51:23.974796+00:00
2022-05-14T16:51:23.974796Z,8311148,0.53000000,579.69000000,sell,2022-05-14 16:51:23.974796+00:00
2022-05-14T16:51:23.974796Z,8311147,0.53000000,4565.66000000,sell,2022-05-14 16:51:23.974796+00:00
2022-05-14T16:51:23.974796Z,8311146,0.53000000,0.57000000,sell,2022-05-14 16:51:23.974796+00:00
2022-05-14T16:51:23.974796Z,8311145,0.53000000,10.60000000,sell,2022-05-14 16:51:23.974796+00:00
2022-05-14T16:51:23.974796Z,8311144,0.53000000,6.90000000,sell,2022-05-14 16:51:23.974796+00:00
2022-05-14T16:51:23.974796Z,8311143,0.53000000,182.01000000,sell,2022-05-14 16:51:23.974796+00:00
2022-05-14T16:51:23.974796Z,8311142,0.53000000,60.00000000,sell,2022-05-14 16:51:23.974796+00:00
2022-05-14T16:51:23.974796Z,8311141,0.53000000,77.08000000,sell,2022-05-14 16:51:23.974796+00:00
2022-05-14T16:51:13.824354Z,8311140,0.52000000,28.50000000,buy,2022-05-14 16:51:13.824354+00:00
2022-05-14T16:51:13.824354Z,8311139,0.52000000,96.90000000,buy,2022-05-14 16:51:13.824354+00:00
2022-05-14T16:51:13.824354Z,8311138,0.52000000,28.00000000,buy,2022-05-14 16:51:13.824354+00:00
2022-05-14T16:51:03.494238Z,8311137,0.52000000,28.00000000,sell,2022-05-14 16:51:03.494238+00:00
2022-05-14T16:51:03.494238Z,8311136,0.52000000,94.62000000,sell,2022-05-14 16:51:03.494238+00:00
2022-05-14T16:50:41.660736Z,8311135,0.52000000,135.09000000,buy,2022-05-14 16:50:41.660736+00:00
2022-05-14T16:50:41.660736Z,8311134,0.52000000,28.00000000,buy,2022-05-14 16:50:41.660736+00:00
2022-05-14T16:50:38.480053Z,8311133,0.52000000,89.49000000,sell,2022-05-14 16:50:38.480053+00:00
2022-05-14T16:50:38.480053Z,8311132,0.52000000,28.00000000,sell,2022-05-14 16:50:38.480053+00:00
2022-05-14T16:50:23.452991Z,8311131,0.52000000,40.47000000,buy,2022-05-14 16:50:23.452991+00:00
2022-05-14T16:50:23.452991Z,8311130,0.52000000,28.00000000,buy,2022-05-14 16:50:23.452991+00:00
2022-05-14T16:50:23.452991Z,8311129,0.52000000,157.32000000,buy,2022-05-14 16:50:23.452991+00:00
2022-05-14T16:50:17.529007Z,8311128,0.52000000,2000.00000000,sell,2022-05-14 16:50:17.529007+00:00
2022-05-14T16:50:17.529007Z,8311127,0.52000000,5.60000000,sell,2022-05-14 16:50:17.529007+00:00
2022-05-14T16:50:17.529007Z,8311126,0.52000000,28.00000000,sell,2022-05-14 16:50:17.529007+00:00
2022-05-14T16:50:17.491436Z,8311125,0.52000000,879.47000000,sell,2022-05-14 16:50:17.491436+00:00
2022-05-14T16:50:17.491436Z,8311124,0.52000000,61.18000000,sell,2022-05-14 16:50:17.491436+00:00
2022-05-14T16:50:17.491436Z,8311123,0.52000000,59.35000000,sell,2022-05-14 16:50:17.491436+00:00
2022-05-14T16:49:59.84936Z,8311122,0.52000000,19.24000000,sell,2022-05-14 16:49:59.849360+00:00
2022-05-14T16:49:49.601823Z,8311121,0.51000000,9972.00000000,buy,2022-05-14 16:49:49.601823+00:00
2022-05-14T16:49:49.601823Z,8311120,0.51000000,28.00000000,buy,2022-05-14 16:49:49.601823+00:00
2022-05-14T16:47:10.575271Z,8311119,0.51000000,28.00000000,sell,2022-05-14 16:47:10.575271+00:00
2022-05-14T16:46:41.035457Z,8311118,0.51000000,2.59000000,sell,2022-05-14 16:46:41.035457+00:00
2022-05-14T16:46:16.850236Z,8311117,0.51000000,28.00000000,buy,2022-05-14 16:46:16.850236+00:00
2022-05-14T16:44:12.270615Z,8311116,0.51000000,831.84000000,sell,2022-05-14 16:44:12.270615+00:00
2022-05-14T16:44:12.270615Z,8311115,0.51000000,28.00000000,sell,2022-05-14 16:44:12.270615+00:00
2022-05-14T16:44:12.270615Z,8311114,0.51000000,60.00000000,sell,2022-05-14 16:44:12.270615+00:00
2022-05-14T16:44:12.270615Z,8311113,0.51000000,80.16000000,sell,2022-05-14 16:44:12.270615+00:00
2022-05-14T16:40:15.352698Z,8311112,0.51000000,316.09000000,sell,2022-05-14 16:40:15.352698+00:00
2022-05-14T16:37:11.908656Z,8311111,0.50000000,9.93000000,buy,2022-05-14 16:37:11.908656+00:00
2022-05-14T16:31:00.72003Z,8311110,0.51000000,9.74000000,sell,2022-05-14 16:31:00.720030+00:00
2022-05-14T16:30:25.144265Z,8311109,0.50000000,1.70000000,sell,2022-05-14 16:30:25.144265+00:00
2022-05-14T16:30:25.144265Z,8311108,0.50000000,12.54000000,sell,2022-05-14 16:30:25.144265+00:00
2022-05-14T16:30:25.144265Z,8311107,0.50000000,28.00000000,sell,2022-05-14 16:30:25.144265+00:00
2022-05-14T16:30:25.144265Z,8311106,0.50000000,100.40000000,sell,2022-05-14 16:30:25.144265+00:00
2022-05-14T16:30:25.144265Z,8311105,0.50000000,831.12000000,sell,2022-05-14 16:30:25.144265+00:00
2022-05-14T16:30:25.144265Z,8311104,0.50000000,250.00000000,sell,2022-05-14 16:30:25.144265+00:00
2022-05-14T16:30:25.144265Z,8311103,0.50000000,61.16000000,sell,2022-05-14 16:30:25.144265+00:00
2022-05-14T16:30:25.144265Z,8311102,0.50000000,81.79000000,sell,2022-05-14 16:30:25.144265+00:00
2022-05-14T16:30:25.144265Z,8311101,0.50000000,920.00000000,sell,2022-05-14 16:30:25.144265+00:00
2022-05-14T16:26:49.550205Z,8311100,0.49000000,62.31000000,buy,2022-05-14 16:26:49.550205+00:00
2022-05-14T16:25:11.470647Z,8311099,0.49000000,96.11000000,buy,2022-05-14 16:25:11.470647+00:00
2022-05-14T16:24:45.814721Z,8311098,0.49000000,48.48000000,buy,2022-05-14 16:24:45.814721+00:00
2022-05-14T16:23:44.423068Z,8311097,0.49000000,50.00000000,buy,2022-05-14 16:23:44.423068+00:00
2022-05-14T16:23:38.489919Z,8311096,0.49000000,18.27000000,buy,2022-05-14 16:23:38.489919+00:00
2022-05-14T16:20:54.43233Z,8311095,0.49000000,465.65000000,buy,2022-05-14 16:20:54.432330+00:00
2022-05-14T16:20:54.43233Z,8311094,0.49000000,1116.79000000,buy,2022-05-14 16:20:54.432330+00:00
2022-05-14T16:20:54.43233Z,8311093,0.49000000,110.00000000,buy,2022-05-14 16:20:54.432330+00:00
2022-05-14T16:20:54.43233Z,8311092,0.49000000,28.00000000,buy,2022-05-14 16:20:54.432330+00:00
2022-05-14T16:20:13.468988Z,8311091,0.49000000,24.51000000,sell,2022-05-14 16:20:13.468988+00:00
2022-05-14T16:20:13.468988Z,8311090,0.49000000,28.00000000,sell,2022-05-14 16:20:13.468988+00:00
2022-05-14T16:20:03.045568Z,8311089,0.48000000,1658.62000000,buy,2022-05-14 16:20:03.045568+00:00
2022-05-14T16:19:40.666727Z,8311088,0.49000000,28.00000000,buy,2022-05-14 16:19:40.666727+00:00
2022-05-14T16:19:35.422607Z,8311087,0.49000000,43.32000000,sell,2022-05-14 16:19:35.422607+00:00
2022-05-14T16:19:35.422607Z,8311086,0.49000000,28.00000000,sell,2022-05-14 16:19:35.422607+00:00
2022-05-14T16:19:24.669329Z,8311085,0.48000000,20.00000000,buy,2022-05-14 16:19:24.669329+00:00
2022-05-14T16:19:14.337959Z,8311084,0.49000000,28.00000000,buy,2022-05-14 16:19:14.337959+00:00
2022-05-14T16:19:12.183713Z,8311083,0.50000000,193.05000000,sell,2022-05-14 16:19:12.183713+00:00
2022-05-14T16:18:44.681441Z,8311082,0.49000000,86.64000000,sell,2022-05-14 16:18:44.681441+00:00
2022-05-14T16:18:44.681441Z,8311081,0.49000000,0.58000000,sell,2022-05-14 16:18:44.681441+00:00
2022-05-14T16:18:44.681441Z,8311080,0.49000000,28.00000000,sell,2022-05-14 16:18:44.681441+00:00
2022-05-14T16:18:44.681441Z,8311079,0.49000000,2.28000000,sell,2022-05-14 16:18:44.681441+00:00
2022-05-14T16:18:44.681441Z,8311078,0.49000000,60.00000000,sell,2022-05-14 16:18:44.681441+00:00
2022-05-14T16:18:44.681441Z,8311077,0.49000000,83.50000000,sell,2022-05-14 16:18:44.681441+00:00
2022-05-14T16:18:44.681441Z,8311076,0.49000000,621.47000000,sell,2022-05-14 16:18:44.681441+00:00
2022-05-14T16:18:37.232748Z,8311075,0.49000000,298.53000000,sell,2022-05-14 16:18:37.232748+00:00
2022-05-14T16:17:06.505364Z,8311074,0.48000000,1.52000000,buy,2022-05-14 16:17:06.505364+00:00
2022-05-14T16:15:38.885177Z,8311073,0.49000000,1.52000000,sell,2022-05-14 16:15:38.885177+00:00
2022-05-14T16:14:21.863246Z,8311072,0.48000000,144.78000000,sell,2022-05-14 16:14:21.863246+00:00
2022-05-14T16:14:21.863246Z,8311071,0.48000000,28.00000000,sell,2022-05-14 16:14:21.863246+00:00
2022-05-14T16:14:12.696618Z,8311070,0.48000000,76.17000000,sell,2022-05-14 16:14:12.696618+00:00
2022-05-14T16:14:12.696618Z,8311069,0.48000000,28.00000000,sell,2022-05-14 16:14:12.696618+00:00
2022-05-14T16:13:11.355736Z,8311068,0.48000000,18.68000000,sell,2022-05-14 16:13:11.355736+00:00
2022-05-14T16:11:43.725977Z,8311067,0.47000000,99.98000000,buy,2022-05-14 16:11:43.725977+00:00
2022-05-14T16:11:37.046723Z,8311066,0.48000000,18.24000000,buy,2022-05-14 16:11:37.046723+00:00
2022-05-14T16:11:21.505608Z,8311065,0.48000000,13.11000000,buy,2022-05-14 16:11:21.505608+00:00
2022-05-14T16:11:21.505608Z,8311064,0.48000000,49.02000000,buy,2022-05-14 16:11:21.505608+00:00
2022-05-14T16:11:21.505608Z,8311063,0.48000000,8.00000000,buy,2022-05-14 16:11:21.505608+00:00
2022-05-14T16:11:21.505608Z,8311062,0.48000000,60.29000000,buy,2022-05-14 16:11:21.505608+00:00
2022-05-14T16:10:44.059799Z,8311061,0.48000000,859.71000000,buy,2022-05-14 16:10:44.059799+00:00
2022-05-14T16:10:44.059799Z,8311060,0.48000000,112.29000000,buy,2022-05-14 16:10:44.059799+00:00
2022-05-14T16:10:44.059799Z,8311059,0.48000000,28.00000000,buy,2022-05-14 16:10:44.059799+00:00
2022-05-14T16:10:04.932182Z,8311058,0.48000000,5.17000000,buy,2022-05-14 16:10:04.932182+00:00
2022-05-14T16:09:41.249316Z,8311057,0.49000000,8.14000000,sell,2022-05-14 16:09:41.249316+00:00
2022-05-14T16:07:58.100015Z,8311056,0.49000000,1.35000000,sell,2022-05-14 16:07:58.100015+00:00
2022-05-14T16:06:20.932656Z,8311055,0.48000000,2.00000000,buy,2022-05-14 16:06:20.932656+00:00
2022-05-14T16:04:03.103673Z,8311054,0.49000000,4.27000000,sell,2022-05-14 16:04:03.103673+00:00
2022-05-14T16:03:50.47098Z,8311053,0.49000000,196.99000000,sell,2022-05-14 16:03:50.470980+00:00
2022-05-14T16:03:37.10327Z,8311052,0.49000000,585.83000000,sell,2022-05-14 16:03:37.103270+00:00
2022-05-14T15:59:52.480697Z,8311051,0.49000000,40.00000000,sell,2022-05-14 15:59:52.480697+00:00
2022-05-14T15:56:43.707028Z,8311050,0.49000000,18.30000000,sell,2022-05-14 15:56:43.707028+00:00
2022-05-14T15:56:14.074251Z,8311049,0.49000000,18.30000000,sell,2022-05-14 15:56:14.074251+00:00
2022-05-14T15:54:58.634213Z,8311048,0.49000000,41.87000000,sell,2022-05-14 15:54:58.634213+00:00
2022-05-14T15:50:45.233787Z,8311047,0.48000000,208.33000000,buy,2022-05-14 15:50:45.233787+00:00
2022-05-14T15:45:02.906169Z,8311046,0.48000000,172.71000000,sell,2022-05-14 15:45:02.906169+00:00
2022-05-14T15:45:02.906169Z,8311045,0.48000000,28.00000000,sell,2022-05-14 15:45:02.906169+00:00
2022-05-14T15:44:52.591142Z,8311044,0.47000000,74.36000000,buy,2022-05-14 15:44:52.591142+00:00
2022-05-14T15:44:39.184938Z,8311043,0.48000000,55.29000000,buy,2022-05-14 15:44:39.184938+00:00
2022-05-14T15:44:39.184938Z,8311042,0.48000000,60.00000000,buy,2022-05-14 15:44:39.184938+00:00
2022-05-14T15:44:39.184938Z,8311041,0.48000000,83.50000000,buy,2022-05-14 15:44:39.184938+00:00
2022-05-14T15:44:39.184938Z,8311040,0.48000000,17.00000000,buy,2022-05-14 15:44:39.184938+00:00
2022-05-14T15:44:39.184938Z,8311039,0.48000000,19.12000000,buy,2022-05-14 15:44:39.184938+00:00
2022-05-14T15:44:39.17629Z,8311038,0.48000000,900.88000000,buy,2022-05-14 15:44:39.176290+00:00
2022-05-14T15:40:53.140313Z,8311037,0.48000000,10.07000000,buy,2022-05-14 15:40:53.140313+00:00
2022-05-14T15:40:05.070962Z,8311036,0.48000000,5.57000000,buy,2022-05-14 15:40:05.070962+00:00
2022-05-14T15:38:15.034902Z,8311035,0.48000000,111.13000000,buy,2022-05-14 15:38:15.034902+00:00
2022-05-14T15:36:28.08241Z,8311034,0.48000000,40.02000000,buy,2022-05-14 15:36:28.082410+00:00
2022-05-14T15:31:50.5463Z,8311033,0.49000000,103.74000000,buy,2022-05-14 15:31:50.546300+00:00
2022-05-14T15:31:50.5463Z,8311032,0.49000000,28.00000000,buy,2022-05-14 15:31:50.546300+00:00
2022-05-14T15:31:00.117139Z,8311031,0.49000000,28.00000000,sell,2022-05-14 15:31:00.117139+00:00
2022-05-14T15:31:00.117139Z,8311030,0.49000000,199.50000000,sell,2022-05-14 15:31:00.117139+00:00
2022-05-14T15:30:10.11099Z,8311029,0.49000000,13.23000000,buy,2022-05-14 15:30:10.110990+00:00
2022-05-14T15:28:42.684914Z,8311028,0.49000000,2.16000000,buy,2022-05-14 15:28:42.684914+00:00
2022-05-14T15:28:42.684914Z,8311027,0.49000000,14.00000000,buy,2022-05-14 15:28:42.684914+00:00
2022-05-14T15:26:00.219033Z,8311026,0.49000000,19.07000000,buy,2022-05-14 15:26:00.219033+00:00
2022-05-14T15:25:52.992278Z,8311025,0.49000000,340.57000000,buy,2022-05-14 15:25:52.992278+00:00
2022-05-14T15:25:52.992278Z,8311024,0.49000000,22.80000000,buy,2022-05-14 15:25:52.992278+00:00
2022-05-14T15:25:52.992278Z,8311023,0.49000000,28.00000000,buy,2022-05-14 15:25:52.992278+00:00
2022-05-14T15:24:14.041976Z,8311022,0.49000000,21.29000000,buy,2022-05-14 15:24:14.041976+00:00
2022-05-14T15:24:14.041976Z,8311021,0.49000000,40.47000000,buy,2022-05-14 15:24:14.041976+00:00
2022-05-14T15:24:14.041976Z,8311020,0.49000000,18.24000000,buy,2022-05-14 15:24:14.041976+00:00
2022-05-14T15:24:14.041976Z,8311019,0.49000000,920.00000000,buy,2022-05-14 15:24:14.041976+00:00
2022-05-14T15:22:40.55423Z,8311018,0.49000000,0.60000000,buy,2022-05-14 15:22:40.554230+00:00
2022-05-14T15:21:00.148126Z,8311017,0.49000000,1000.00000000,buy,2022-05-14 15:21:00.148126+00:00
2022-05-14T15:20:42.035187Z,8311016,0.50000000,1.98000000,sell,2022-05-14 15:20:42.035187+00:00
2022-05-14T15:15:11.475097Z,8311015,0.49000000,87.84000000,buy,2022-05-14 15:15:11.475097+00:00
2022-05-14T15:13:23.047617Z,8311014,0.50000000,50.79000000,sell,2022-05-14 15:13:23.047617+00:00
2022-05-14T15:12:56.144462Z,8311013,0.49000000,183.28000000,buy,2022-05-14 15:12:56.144462+00:00
2022-05-14T15:12:56.144462Z,8311012,0.49000000,89.49000000,buy,2022-05-14 15:12:56.144462+00:00
2022-05-14T15:12:56.144462Z,8311011,0.49000000,28.00000000,buy,2022-05-14 15:12:56.144462+00:00
2022-05-14T15:12:56.144462Z,8311010,0.49000000,26.22000000,buy,2022-05-14 15:12:56.144462+00:00
2022-05-14T15:12:22.837724Z,8311009,0.50000000,16.33000000,sell,2022-05-14 15:12:22.837724+00:00
2022-05-14T15:09:26.830149Z,8311008,0.49000000,47.00000000,buy,2022-05-14 15:09:26.830149+00:00
2022-05-14T15:09:26.830149Z,8311007,0.49000000,28.00000000,buy,2022-05-14 15:09:26.830149+00:00
2022-05-14T15:07:55.737197Z,8311006,0.49000000,0.69000000,sell,2022-05-14 15:07:55.737197+00:00
2022-05-14T15:07:55.737197Z,8311005,0.49000000,141.93000000,sell,2022-05-14 15:07:55.737197+00:00
2022-05-14T15:07:55.737197Z,8311004,0.49000000,28.00000000,sell,2022-05-14 15:07:55.737197+00:00
2022-05-14T15:07:55.737197Z,8311003,0.49000000,920.00000000,sell,2022-05-14 15:07:55.737197+00:00
2022-05-14T15:06:04.141766Z,8311002,0.49000000,1000.00000000,sell,2022-05-14 15:06:04.141766+00:00
2022-05-14T15:02:13.699212Z,8311001,0.48000000,269.28000000,buy,2022-05-14 15:02:13.699212+00:00
2022-05-14T15:00:54.534308Z,8311000,0.48000000,27.94000000,buy,2022-05-14 15:00:54.534308+00:00
2022-05-14T15:00:41.026386Z,8310999,0.48000000,12.57000000,buy,2022-05-14 15:00:41.026386+00:00
2022-05-14T14:55:15.706987Z,8310998,0.49000000,4.65000000,sell,2022-05-14 14:55:15.706987+00:00
2022-05-14T14:51:40.100537Z,8310997,0.48000000,2.14000000,buy,2022-05-14 14:51:40.100537+00:00
2022-05-14T14:51:06.463622Z,8310996,0.49000000,2.14000000,sell,2022-05-14 14:51:06.463622+00:00
2022-05-14T14:48:39.19789Z,8310995,0.49000000,5.99000000,sell,2022-05-14 14:48:39.197890+00:00
2022-05-14T14:47:46.605938Z,8310994,0.48000000,938.20000000,buy,2022-05-14 14:47:46.605938+00:00
2022-05-14T14:45:19.718623Z,8310993,0.49000000,102.04000000,sell,2022-05-14 14:45:19.718623+00:00
2022-05-14T14:44:55.122995Z,8310992,0.49000000,22.23000000,buy,2022-05-14 14:44:55.122995+00:00
2022-05-14T14:44:55.122995Z,8310991,0.49000000,28.00000000,buy,2022-05-14 14:44:55.122995+00:00
2022-05-14T14:44:27.012536Z,8310990,0.49000000,101.13000000,sell,2022-05-14 14:44:27.012536+00:00
2022-05-14T14:44:27.012536Z,8310989,0.49000000,28.00000000,sell,2022-05-14 14:44:27.012536+00:00
2022-05-14T14:44:27.012536Z,8310988,0.49000000,255.11000000,sell,2022-05-14 14:44:27.012536+00:00
2022-05-14T14:44:27.012536Z,8310987,0.49000000,3.50000000,sell,2022-05-14 14:44:27.012536+00:00
2022-05-14T14:44:20.547268Z,8310986,0.49000000,80.00000000,sell,2022-05-14 14:44:20.547268+00:00
2022-05-14T14:44:20.547268Z,8310985,0.49000000,920.00000000,sell,2022-05-14 14:44:20.547268+00:00
2022-05-14T14:43:57.349444Z,8310984,0.49000000,37.59000000,sell,2022-05-14 14:43:57.349444+00:00
2022-05-14T14:43:25.576426Z,8310983,0.49000000,97.49000000,sell,2022-05-14 14:43:25.576426+00:00
2022-05-14T14:43:06.482067Z,8310982,0.49000000,37.59000000,sell,2022-05-14 14:43:06.482067+00:00
2022-05-14T14:42:40.792489Z,8310981,0.49000000,47.74000000,sell,2022-05-14 14:42:40.792489+00:00
2022-05-14T14:41:12.570806Z,8310980,0.49000000,1.91000000,sell,2022-05-14 14:41:12.570806+00:00
2022-05-14T14:40:33.183276Z,8310979,0.49000000,9.65000000,sell,2022-05-14 14:40:33.183276+00:00
2022-05-14T14:39:35.525034Z,8310978,0.48000000,46.22000000,buy,2022-05-14 14:39:35.525034+00:00
2022-05-14T14:35:43.838818Z,8310977,0.48000000,15.20000000,buy,2022-05-14 14:35:43.838818+00:00
2022-05-14T14:33:53.295832Z,8310976,0.48000000,60.35000000,buy,2022-05-14 14:33:53.295832+00:00
2022-05-14T14:32:20.984998Z,8310975,0.48000000,7.09000000,buy,2022-05-14 14:32:20.984998+00:00
2022-05-14T14:27:35.841161Z,8310974,0.49000000,18.30000000,sell,2022-05-14 14:27:35.841161+00:00
2022-05-14T14:27:32.466099Z,8310973,0.48000000,1.00000000,buy,2022-05-14 14:27:32.466099+00:00
2022-05-14T14:25:07.183428Z,8310972,0.48000000,60.00000000,buy,2022-05-14 14:25:07.183428+00:00
2022-05-14T14:25:02.823009Z,8310971,0.49000000,69.76000000,sell,2022-05-14 14:25:02.823009+00:00
2022-05-14T14:23:17.631498Z,8310970,0.48000000,177.97000000,buy,2022-05-14 14:23:17.631498+00:00
2022-05-14T14:22:52.70746Z,8310969,0.48000000,1.70000000,buy,2022-05-14 14:22:52.707460+00:00
2022-05-14T14:22:18.98743Z,8310968,0.48000000,2.50000000,buy,2022-05-14 14:22:18.987430+00:00
2022-05-14T14:21:41.271334Z,8310967,0.49000000,1001.69000000,sell,2022-05-14 14:21:41.271334+00:00
2022-05-14T14:20:50.078841Z,8310966,0.49000000,20.31000000,sell,2022-05-14 14:20:50.078841+00:00
2022-05-14T14:17:41.814271Z,8310965,0.49000000,8.14000000,sell,2022-05-14 14:17:41.814271+00:00
2022-05-14T14:17:13.065751Z,8310964,0.48000000,48.82000000,buy,2022-05-14 14:17:13.065751+00:00
2022-05-14T14:15:50.856767Z,8310963,0.49000000,22.44000000,sell,2022-05-14 14:15:50.856767+00:00
2022-05-14T14:14:00.380512Z,8310962,0.48000000,100.00000000,buy,2022-05-14 14:14:00.380512+00:00
2022-05-14T14:13:20.582481Z,8310961,0.49000000,97.49000000,sell,2022-05-14 14:13:20.582481+00:00
2022-05-14T14:09:34.645464Z,8310960,0.48000000,857.16000000,buy,2022-05-14 14:09:34.645464+00:00
2022-05-14T14:09:34.645464Z,8310959,0.48000000,28.00000000,buy,2022-05-14 14:09:34.645464+00:00
2022-05-14T14:09:34.645464Z,8310958,0.48000000,49.02000000,buy,2022-05-14 14:09:34.645464+00:00
2022-05-14T14:09:34.645464Z,8310957,0.48000000,10.83000000,buy,2022-05-14 14:09:34.645464+00:00
2022-05-14T14:09:09.821123Z,8310956,0.49000000,25.00000000,sell,2022-05-14 14:09:09.821123+00:00
2022-05-14T14:08:46.55943Z,8310955,0.49000000,3.67000000,sell,2022-05-14 14:08:46.559430+00:00
2022-05-14T14:08:35.288455Z,8310954,0.48000000,9.28000000,buy,2022-05-14 14:08:35.288455+00:00
2022-05-14T14:07:31.580043Z,8310953,0.48000000,85.28000000,buy,2022-05-14 14:07:31.580043+00:00
2022-05-14T14:07:25.666246Z,8310952,0.48000000,28.00000000,sell,2022-05-14 14:07:25.666246+00:00
2022-05-14T14:07:25.666246Z,8310951,0.48000000,84.93000000,sell,2022-05-14 14:07:25.666246+00:00
2022-05-14T14:06:53.041449Z,8310950,0.47000000,8.72000000,buy,2022-05-14 14:06:53.041449+00:00
2022-05-14T14:06:52.636811Z,8310949,0.47000000,3.01000000,buy,2022-05-14 14:06:52.636811+00:00
2022-05-14T14:06:52.636811Z,8310948,0.47000000,5.20000000,buy,2022-05-14 14:06:52.636811+00:00
2022-05-14T14:06:52.636811Z,8310947,0.47000000,100.00000000,buy,2022-05-14 14:06:52.636811+00:00
2022-05-14T14:06:52.636811Z,8310946,0.47000000,10.60000000,buy,2022-05-14 14:06:52.636811+00:00
2022-05-14T14:06:52.636811Z,8310945,0.47000000,85.28000000,buy,2022-05-14 14:06:52.636811+00:00
2022-05-14T14:06:52.059684Z,8310944,0.48000000,28.50000000,buy,2022-05-14 14:06:52.059684+00:00
2022-05-14T14:06:52.059684Z,8310943,0.48000000,89.49000000,buy,2022-05-14 14:06:52.059684+00:00
2022-05-14T14:06:52.059684Z,8310942,0.48000000,28.00000000,buy,2022-05-14 14:06:52.059684+00:00
2022-05-14T14:05:58.387737Z,8310941,0.48000000,95.19000000,sell,2022-05-14 14:05:58.387737+00:00
2022-05-14T14:05:58.387737Z,8310940,0.48000000,28.00000000,sell,2022-05-14 14:05:58.387737+00:00
2022-05-14T14:05:30.579474Z,8310939,0.48000000,49.02000000,buy,2022-05-14 14:05:30.579474+00:00
2022-05-14T14:05:30.579474Z,8310938,0.48000000,39.90000000,buy,2022-05-14 14:05:30.579474+00:00
2022-05-14T14:05:30.579474Z,8310937,0.48000000,51.30000000,buy,2022-05-14 14:05:30.579474+00:00
2022-05-14T14:05:30.579474Z,8310936,0.48000000,28.00000000,buy,2022-05-14 14:05:30.579474+00:00
2022-05-14T14:05:30.579474Z,8310935,0.48000000,61.13000000,buy,2022-05-14 14:05:30.579474+00:00
2022-05-14T14:05:30.579474Z,8310934,0.48000000,458.56000000,buy,2022-05-14 14:05:30.579474+00:00
2022-05-14T14:05:30.579474Z,8310933,0.48000000,6.90000000,buy,2022-05-14 14:05:30.579474+00:00
2022-05-14T14:05:30.579474Z,8310932,0.48000000,83.50000000,buy,2022-05-14 14:05:30.579474+00:00
2022-05-14T14:05:09.719543Z,8310931,0.49000000,101.43000000,sell,2022-05-14 14:05:09.719543+00:00
2022-05-14T14:04:37.047984Z,8310930,0.49000000,97.49000000,sell,2022-05-14 14:04:37.047984+00:00
2022-05-14T14:03:45.651783Z,8310929,0.48000000,6942.03000000,buy,2022-05-14 14:03:45.651783+00:00
2022-05-14T13:56:16.909524Z,8310928,0.48000000,263.55000000,buy,2022-05-14 13:56:16.909524+00:00
2022-05-14T13:54:41.304558Z,8310927,0.49000000,2.42000000,sell,2022-05-14 13:54:41.304558+00:00
2022-05-14T13:54:41.304558Z,8310926,0.49000000,28.00000000,sell,2022-05-14 13:54:41.304558+00:00
2022-05-14T13:54:28.305742Z,8310925,0.48000000,378.98000000,buy,2022-05-14 13:54:28.305742+00:00
2022-05-14T13:50:52.046805Z,8310924,0.49000000,28.00000000,buy,2022-05-14 13:50:52.046805+00:00
2022-05-14T13:50:52.046805Z,8310923,0.49000000,154.47000000,buy,2022-05-14 13:50:52.046805+00:00
2022-05-14T13:50:36.703438Z,8310922,0.50000000,17.93000000,sell,2022-05-14 13:50:36.703438+00:00
2022-05-14T13:50:12.017972Z,8310921,0.49000000,28.00000000,sell,2022-05-14 13:50:12.017972+00:00
2022-05-14T13:50:12.017972Z,8310920,0.49000000,0.68000000,sell,2022-05-14 13:50:12.017972+00:00
2022-05-14T13:50:12.017972Z,8310919,0.49000000,83.79000000,sell,2022-05-14 13:50:12.017972+00:00
2022-05-14T13:50:10.568575Z,8310918,0.49000000,27.43000000,sell,2022-05-14 13:50:10.568575+00:00
2022-05-14T13:49:35.247487Z,8310917,0.49000000,52.00000000,sell,2022-05-14 13:49:35.247487+00:00
2022-05-14T13:49:35.247487Z,8310916,0.49000000,28.00000000,sell,2022-05-14 13:49:35.247487+00:00
2022-05-14T13:49:35.247487Z,8310915,0.49000000,920.00000000,sell,2022-05-14 13:49:35.247487+00:00
2022-05-14T13:48:17.575987Z,8310914,0.49000000,12.61000000,sell,2022-05-14 13:48:17.575987+00:00
2022-05-14T13:48:17.575987Z,8310913,0.49000000,84.88000000,sell,2022-05-14 13:48:17.575987+00:00
2022-05-14T13:46:26.199293Z,8310912,0.49000000,20.00000000,sell,2022-05-14 13:46:26.199293+00:00
2022-05-14T13:45:57.74697Z,8310911,0.49000000,28.00000000,buy,2022-05-14 13:45:57.746970+00:00
2022-05-14T13:45:57.74697Z,8310910,0.49000000,139.08000000,buy,2022-05-14 13:45:57.746970+00:00
2022-05-14T13:44:48.995927Z,8310909,0.49000000,0.90000000,sell,2022-05-14 13:44:48.995927+00:00
2022-05-14T13:44:48.995927Z,8310908,0.49000000,60.00000000,sell,2022-05-14 13:44:48.995927+00:00
2022-05-14T13:44:48.995927Z,8310907,0.49000000,146.49000000,sell,2022-05-14 13:44:48.995927+00:00
2022-05-14T13:44:48.995927Z,8310906,0.49000000,28.00000000,sell,2022-05-14 13:44:48.995927+00:00
2022-05-14T13:43:24.034699Z,8310905,0.48000000,5.11000000,buy,2022-05-14 13:43:24.034699+00:00
2022-05-14T13:42:28.034697Z,8310904,0.48000000,500.00000000,buy,2022-05-14 13:42:28.034697+00:00
2022-05-14T13:42:04.765475Z,8310903,0.48000000,1538.70000000,buy,2022-05-14 13:42:04.765475+00:00
2022-05-14T13:42:04.765475Z,8310902,0.48000000,103.29000000,buy,2022-05-14 13:42:04.765475+00:00
2022-05-14T13:42:04.765475Z,8310901,0.48000000,60.00000000,buy,2022-05-14 13:42:04.765475+00:00
2022-05-14T13:42:04.765475Z,8310900,0.48000000,258.85000000,buy,2022-05-14 13:42:04.765475+00:00
2022-05-14T13:41:57.999225Z,8310899,0.49000000,119.13000000,buy,2022-05-14 13:41:57.999225+00:00
2022-05-14T13:41:57.999225Z,8310898,0.49000000,28.00000000,buy,2022-05-14 13:41:57.999225+00:00
2022-05-14T13:41:20.547144Z,8310897,0.49000000,139.65000000,sell,2022-05-14 13:41:20.547144+00:00
2022-05-14T13:41:20.547144Z,8310896,0.49000000,28.00000000,sell,2022-05-14 13:41:20.547144+00:00
2022-05-14T13:41:09.307721Z,8310895,0.48000000,59.58000000,buy,2022-05-14 13:41:09.307721+00:00
2022-05-14T13:39:22.004161Z,8310894,0.49000000,47.31000000,buy,2022-05-14 13:39:22.004161+00:00
2022-05-14T13:39:22.004161Z,8310893,0.49000000,66.12000000,buy,2022-05-14 13:39:22.004161+00:00
2022-05-14T13:39:22.004161Z,8310892,0.49000000,28.00000000,buy,2022-05-14 13:39:22.004161+00:00
2022-05-14T13:38:50.323738Z,8310891,0.49000000,154.47000000,sell,2022-05-14 13:38:50.323738+00:00
2022-05-14T13:38:50.323738Z,8310890,0.49000000,28.00000000,sell,2022-05-14 13:38:50.323738+00:00
2022-05-14T13:36:16.899493Z,8310889,0.49000000,47.31000000,buy,2022-05-14 13:36:16.899493+00:00
2022-05-14T13:36:12.524967Z,8310888,0.49000000,13.68000000,buy,2022-05-14 13:36:12.524967+00:00
2022-05-14T13:36:12.524967Z,8310887,0.49000000,28.00000000,buy,2022-05-14 13:36:12.524967+00:00
2022-05-14T13:36:12.524967Z,8310886,0.49000000,80.24000000,buy,2022-05-14 13:36:12.524967+00:00
2022-05-14T13:35:45.479609Z,8310885,0.49000000,839.76000000,buy,2022-05-14 13:35:45.479609+00:00
2022-05-14T13:35:45.479609Z,8310884,0.49000000,53.58000000,buy,2022-05-14 13:35:45.479609+00:00
2022-05-14T13:35:45.479609Z,8310883,0.49000000,78.66000000,buy,2022-05-14 13:35:45.479609+00:00
2022-05-14T13:35:45.479609Z,8310882,0.49000000,28.00000000,buy,2022-05-14 13:35:45.479609+00:00
2022-05-14T13:31:38.882285Z,8310881,0.50000000,17.93000000,sell,2022-05-14 13:31:38.882285+00:00
2022-05-14T13:30:14.406738Z,8310880,0.49000000,33.83000000,buy,2022-05-14 13:30:14.406738+00:00
2022-05-14T13:30:00.087765Z,8310879,0.49000000,7.15000000,buy,2022-05-14 13:30:00.087765+00:00
2022-05-14T13:27:50.29382Z,8310878,0.49000000,20.88000000,buy,2022-05-14 13:27:50.293820+00:00
2022-05-14T13:26:07.322212Z,8310877,0.49000000,2568.05000000,buy,2022-05-14 13:26:07.322212+00:00
2022-05-14T13:25:40.531407Z,8310876,0.50000000,392.06000000,sell,2022-05-14 13:25:40.531407+00:00
2022-05-14T13:24:03.958928Z,8310875,0.49000000,0.79000000,buy,2022-05-14 13:24:03.958928+00:00
2022-05-14T13:23:54.295867Z,8310874,0.49000000,37.55000000,buy,2022-05-14 13:23:54.295867+00:00
2022-05-14T13:22:11.260578Z,8310873,0.49000000,125.97000000,sell,2022-05-14 13:22:11.260578+00:00
2022-05-14T13:22:11.260578Z,8310872,0.49000000,28.00000000,sell,2022-05-14 13:22:11.260578+00:00
2022-05-14T13:21:27.933346Z,8310871,0.49000000,3.54000000,sell,2022-05-14 13:21:27.933346+00:00
2022-05-14T13:21:18.562752Z,8310870,0.49000000,37.59000000,sell,2022-05-14 13:21:18.562752+00:00
2022-05-14T13:21:15.45313Z,8310869,0.49000000,21.93000000,sell,2022-05-14 13:21:15.453130+00:00
2022-05-14T13:21:14.526304Z,8310868,0.49000000,9.59000000,sell,2022-05-14 13:21:14.526304+00:00
2022-05-14T13:21:14.526304Z,8310867,0.49000000,28.00000000,sell,2022-05-14 13:21:14.526304+00:00
2022-05-14T13:20:24.980356Z,8310866,0.49000000,44.46000000,buy,2022-05-14 13:20:24.980356+00:00
2022-05-14T13:20:24.980356Z,8310865,0.49000000,14.00000000,buy,2022-05-14 13:20:24.980356+00:00
2022-05-14T13:20:22.12904Z,8310864,0.49000000,373.75000000,buy,2022-05-14 13:20:22.129040+00:00
2022-05-14T13:20:21.916431Z,8310863,0.49000000,1868.74000000,buy,2022-05-14 13:20:21.916431+00:00
2022-05-14T13:20:21.728232Z,8310862,0.49000000,2841.70000000,buy,2022-05-14 13:20:21.728232+00:00
2022-05-14T13:20:21.728232Z,8310861,0.49000000,2.70000000,buy,2022-05-14 13:20:21.728232+00:00
2022-05-14T13:20:21.728232Z,8310860,0.49000000,14.25000000,buy,2022-05-14 13:20:21.728232+00:00
2022-05-14T13:20:21.728232Z,8310859,0.49000000,100.32000000,buy,2022-05-14 13:20:21.728232+00:00
2022-05-14T13:20:21.728232Z,8310858,0.49000000,28.00000000,buy,2022-05-14 13:20:21.728232+00:00
2022-05-14T13:19:53.215868Z,8310857,0.49000000,28.00000000,sell,2022-05-14 13:19:53.215868+00:00
2022-05-14T13:19:53.126446Z,8310856,0.49000000,2792.42000000,sell,2022-05-14 13:19:53.126446+00:00
2022-05-14T13:19:53.126446Z,8310855,0.49000000,132.81000000,sell,2022-05-14 13:19:53.126446+00:00
2022-05-14T13:19:28.116757Z,8310854,0.48000000,32.41000000,buy,2022-05-14 13:19:28.116757+00:00
2022-05-14T13:19:12.682463Z,8310853,0.49000000,18.30000000,sell,2022-05-14 13:19:12.682463+00:00
2022-05-14T13:16:20.555981Z,8310852,0.49000000,33.06000000,buy,2022-05-14 13:16:20.555981+00:00
2022-05-14T13:16:20.555981Z,8310851,0.49000000,63.84000000,buy,2022-05-14 13:16:20.555981+00:00
2022-05-14T13:16:20.555981Z,8310850,0.49000000,28.00000000,buy,2022-05-14 13:16:20.555981+00:00
2022-05-14T13:13:35.445271Z,8310849,0.49000000,157.32000000,sell,2022-05-14 13:13:35.445271+00:00
2022-05-14T13:13:35.445271Z,8310848,0.49000000,28.00000000,sell,2022-05-14 13:13:35.445271+00:00
2022-05-14T13:13:12.927599Z,8310847,0.49000000,963.02000000,buy,2022-05-14 13:13:12.927599+00:00
2022-05-14T13:13:12.927599Z,8310846,0.49000000,15.96000000,buy,2022-05-14 13:13:12.927599+00:00
2022-05-14T13:13:12.927599Z,8310845,0.49000000,21.02000000,buy,2022-05-14 13:13:12.927599+00:00
2022-05-14T13:12:39.975282Z,8310844,0.49000000,1.21000000,buy,2022-05-14 13:12:39.975282+00:00
2022-05-14T13:12:20.702302Z,8310843,0.49000000,14.00000000,buy,2022-05-14 13:12:20.702302+00:00
2022-05-14T13:12:20.702302Z,8310842,0.49000000,16.53000000,buy,2022-05-14 13:12:20.702302+00:00
2022-05-14T13:12:19.532607Z,8310841,0.49000000,30.21000000,buy,2022-05-14 13:12:19.532607+00:00
2022-05-14T13:12:19.532607Z,8310840,0.49000000,28.00000000,buy,2022-05-14 13:12:19.532607+00:00
2022-05-14T13:11:43.233528Z,8310839,0.49000000,789.76000000,buy,2022-05-14 13:11:43.233528+00:00
2022-05-14T13:11:43.233528Z,8310838,0.49000000,31.35000000,buy,2022-05-14 13:11:43.233528+00:00
2022-05-14T13:11:43.233528Z,8310837,0.49000000,88.92000000,buy,2022-05-14 13:11:43.233528+00:00
2022-05-14T13:11:43.233528Z,8310836,0.49000000,28.00000000,buy,2022-05-14 13:11:43.233528+00:00
2022-05-14T13:11:43.233528Z,8310835,0.49000000,2000.00000000,buy,2022-05-14 13:11:43.233528+00:00
2022-05-14T13:11:41.949395Z,8310834,0.49000000,28.00000000,sell,2022-05-14 13:11:41.949395+00:00
2022-05-14T13:11:41.949395Z,8310833,0.49000000,104.31000000,sell,2022-05-14 13:11:41.949395+00:00
2022-05-14T13:11:41.949395Z,8310832,0.49000000,1811.65000000,sell,2022-05-14 13:11:41.949395+00:00
2022-05-14T13:11:41.848415Z,8310831,0.49000000,3005.85000000,sell,2022-05-14 13:11:41.848415+00:00
2022-05-14T13:11:41.848415Z,8310830,0.49000000,28.00000000,sell,2022-05-14 13:11:41.848415+00:00
2022-05-14T13:11:19.47328Z,8310829,0.49000000,61.16000000,buy,2022-05-14 13:11:19.473280+00:00
2022-05-14T13:11:19.47328Z,8310828,0.49000000,28.00000000,buy,2022-05-14 13:11:19.473280+00:00
2022-05-14T13:11:19.47328Z,8310827,0.49000000,2619.00000000,buy,2022-05-14 13:11:19.473280+00:00
2022-05-14T13:11:19.47328Z,8310826,0.49000000,4774.73000000,buy,2022-05-14 13:11:19.473280+00:00
2022-05-14T13:11:19.47328Z,8310825,0.49000000,81.79000000,buy,2022-05-14 13:11:19.473280+00:00
2022-05-14T13:11:19.47328Z,8310824,0.49000000,5.00000000,buy,2022-05-14 13:11:19.473280+00:00
2022-05-14T13:10:59.931263Z,8310823,0.49000000,667.19000000,buy,2022-05-14 13:10:59.931263+00:00
2022-05-14T13:10:59.730771Z,8310822,0.49000000,3038.33000000,buy,2022-05-14 13:10:59.730771+00:00
2022-05-14T13:10:18.95254Z,8310821,0.49000000,1838.33000000,buy,2022-05-14 13:10:18.952540+00:00
2022-05-14T13:07:12.881849Z,8310820,0.49000000,2.23000000,buy,2022-05-14 13:07:12.881849+00:00
2022-05-14T13:05:38.639911Z,8310819,0.49000000,6.84000000,buy,2022-05-14 13:05:38.639911+00:00
2022-05-14T13:02:51.017962Z,8310818,0.49000000,5.09000000,buy,2022-05-14 13:02:51.017962+00:00
2022-05-14T13:01:56.922393Z,8310817,0.50000000,120.27000000,buy,2022-05-14 13:01:56.922393+00:00
2022-05-14T13:01:56.922393Z,8310816,0.50000000,28.00000000,buy,2022-05-14 13:01:56.922393+00:00
2022-05-14T13:01:51.01903Z,8310815,0.50000000,28.00000000,sell,2022-05-14 13:01:51.019030+00:00
2022-05-14T13:01:51.01903Z,8310814,0.50000000,60.00000000,sell,2022-05-14 13:01:51.019030+00:00
2022-05-14T13:01:51.01903Z,8310813,0.50000000,1.00000000,sell,2022-05-14 13:01:51.019030+00:00
2022-05-14T13:01:51.01903Z,8310812,0.50000000,159.60000000,sell,2022-05-14 13:01:51.019030+00:00
2022-05-14T13:01:51.01903Z,8310811,0.50000000,920.00000000,sell,2022-05-14 13:01:51.019030+00:00
2022-05-14T13:01:38.649486Z,8310810,0.50000000,1.98000000,sell,2022-05-14 13:01:38.649486+00:00
2022-05-14T12:58:08.236253Z,8310809,0.49000000,192.14000000,buy,2022-05-14 12:58:08.236253+00:00
2022-05-14T12:53:37.278958Z,8310808,0.49000000,10.03000000,buy,2022-05-14 12:53:37.278958+00:00
2022-05-14T12:51:24.806455Z,8310807,0.50000000,10.03000000,sell,2022-05-14 12:51:24.806455+00:00
2022-05-14T12:48:46.988416Z,8310806,0.50000000,27.45000000,sell,2022-05-14 12:48:46.988416+00:00
2022-05-14T12:47:45.331164Z,8310805,0.50000000,17.93000000,sell,2022-05-14 12:47:45.331164+00:00
2022-05-14T12:47:37.712053Z,8310804,0.49000000,1.62000000,buy,2022-05-14 12:47:37.712053+00:00
2022-05-14T12:44:35.826504Z,8310803,0.50000000,7.98000000,sell,2022-05-14 12:44:35.826504+00:00
2022-05-14T12:41:58.332135Z,8310802,0.50000000,21.09000000,buy,2022-05-14 12:41:58.332135+00:00
2022-05-14T12:41:48.534827Z,8310801,0.50000000,28.00000000,buy,2022-05-14 12:41:48.534827+00:00
2022-05-14T12:41:48.534827Z,8310800,0.50000000,29.07000000,buy,2022-05-14 12:41:48.534827+00:00
2022-05-14T12:41:20.524919Z,8310799,0.50000000,35.34000000,buy,2022-05-14 12:41:20.524919+00:00
2022-05-14T12:41:20.524919Z,8310798,0.50000000,28.00000000,buy,2022-05-14 12:41:20.524919+00:00
2022-05-14T12:41:20.524919Z,8310797,0.50000000,90.63000000,buy,2022-05-14 12:41:20.524919+00:00
2022-05-14T12:40:47.443072Z,8310796,0.50000000,145.92000000,sell,2022-05-14 12:40:47.443072+00:00
2022-05-14T12:40:47.443072Z,8310795,0.50000000,28.00000000,sell,2022-05-14 12:40:47.443072+00:00
2022-05-14T12:40:21.347348Z,8310794,0.50000000,2000.00000000,buy,2022-05-14 12:40:21.347348+00:00
2022-05-14T12:40:21.347348Z,8310793,0.50000000,23.94000000,buy,2022-05-14 12:40:21.347348+00:00
2022-05-14T12:40:21.347348Z,8310792,0.50000000,83.22000000,buy,2022-05-14 12:40:21.347348+00:00
2022-05-14T12:40:21.347348Z,8310791,0.50000000,28.00000000,buy,2022-05-14 12:40:21.347348+00:00
2022-05-14T12:40:09.251487Z,8310790,0.50000000,28.00000000,sell,2022-05-14 12:40:09.251487+00:00
2022-05-14T12:40:09.251487Z,8310789,0.50000000,920.00000000,sell,2022-05-14 12:40:09.251487+00:00
2022-05-14T12:33:27.260572Z,8310788,0.50000000,63.02000000,sell,2022-05-14 12:33:27.260572+00:00
2022-05-14T12:33:27.260572Z,8310787,0.50000000,28.00000000,sell,2022-05-14 12:33:27.260572+00:00
2022-05-14T12:33:27.260572Z,8310786,0.50000000,102.03000000,sell,2022-05-14 12:33:27.260572+00:00
2022-05-14T12:32:06.409632Z,8310785,0.50000000,28.00000000,buy,2022-05-14 12:32:06.409632+00:00
2022-05-14T12:32:06.397108Z,8310784,0.50000000,107.73000000,buy,2022-05-14 12:32:06.397108+00:00
2022-05-14T12:32:06.295971Z,8310783,0.50000000,200.07000000,buy,2022-05-14 12:32:06.295971+00:00
2022-05-14T12:32:06.295971Z,8310782,0.50000000,28.00000000,buy,2022-05-14 12:32:06.295971+00:00
2022-05-14T12:31:53.995719Z,8310781,0.50000000,2.40000000,sell,2022-05-14 12:31:53.995719+00:00
2022-05-14T12:31:53.995719Z,8310780,0.50000000,28.00000000,sell,2022-05-14 12:31:53.995719+00:00
2022-05-14T12:31:53.995719Z,8310779,0.50000000,238.14000000,sell,2022-05-14 12:31:53.995719+00:00
2022-05-14T12:31:52.938592Z,8310778,0.50000000,681.86000000,sell,2022-05-14 12:31:52.938592+00:00
2022-05-14T12:31:52.938592Z,8310777,0.50000000,250.00000000,sell,2022-05-14 12:31:52.938592+00:00
2022-05-14T12:31:52.938592Z,8310776,0.50000000,68.14000000,sell,2022-05-14 12:31:52.938592+00:00
2022-05-14T12:31:14.289054Z,8310775,0.50000000,13.65000000,sell,2022-05-14 12:31:14.289054+00:00
2022-05-14T12:29:07.404001Z,8310774,0.49000000,148.95000000,buy,2022-05-14 12:29:07.404001+00:00
2022-05-14T12:21:19.875497Z,8310773,0.49000000,28.00000000,sell,2022-05-14 12:21:19.875497+00:00
2022-05-14T12:20:30.020961Z,8310772,0.49000000,37.59000000,sell,2022-05-14 12:20:30.020961+00:00
2022-05-14T12:18:29.541061Z,8310771,0.49000000,28.00000000,buy,2022-05-14 12:18:29.541061+00:00
2022-05-14T12:17:18.779281Z,8310770,0.50000000,55.74000000,sell,2022-05-14 12:17:18.779281+00:00
2022-05-14T12:17:10.694899Z,8310769,0.49000000,28.00000000,buy,2022-05-14 12:17:10.694899+00:00
2022-05-14T12:17:10.694899Z,8310768,0.49000000,2000.00000000,buy,2022-05-14 12:17:10.694899+00:00
2022-05-14T12:17:08.643625Z,8310767,0.49000000,28.00000000,sell,2022-05-14 12:17:08.643625+00:00
2022-05-14T12:16:38.215238Z,8310766,0.49000000,28.00000000,buy,2022-05-14 12:16:38.215238+00:00
2022-05-14T12:16:38.199487Z,8310765,0.49000000,1000.00000000,buy,2022-05-14 12:16:38.199487+00:00
2022-05-14T12:16:29.234312Z,8310764,0.49000000,28.00000000,sell,2022-05-14 12:16:29.234312+00:00
2022-05-14T12:16:29.139582Z,8310763,0.49000000,1000.00000000,sell,2022-05-14 12:16:29.139582+00:00
2022-05-14T12:16:29.135145Z,8310762,0.49000000,2955.59000000,sell,2022-05-14 12:16:29.135145+00:00
2022-05-14T12:14:43.104247Z,8310761,0.49000000,372.00000000,sell,2022-05-14 12:14:43.104247+00:00
2022-05-14T12:14:43.104247Z,8310760,0.49000000,28.00000000,sell,2022-05-14 12:14:43.104247+00:00
2022-05-14T12:14:22.123905Z,8310759,0.48000000,2.32000000,buy,2022-05-14 12:14:22.123905+00:00
2022-05-14T12:10:08.153323Z,8310758,0.49000000,28.00000000,buy,2022-05-14 12:10:08.153323+00:00
2022-05-14T12:09:38.254555Z,8310757,0.49000000,28.00000000,sell,2022-05-14 12:09:38.254555+00:00
2022-05-14T12:09:05.865661Z,8310756,0.49000000,1676.77000000,buy,2022-05-14 12:09:05.865661+00:00
2022-05-14T12:09:05.865661Z,8310755,0.49000000,28.00000000,buy,2022-05-14 12:09:05.865661+00:00
2022-05-14T12:09:04.426854Z,8310754,0.49000000,1425.23000000,buy,2022-05-14 12:09:04.426854+00:00
2022-05-14T12:09:04.426854Z,8310753,0.49000000,28.00000000,buy,2022-05-14 12:09:04.426854+00:00
2022-05-14T12:07:28.241928Z,8310752,0.49000000,28.00000000,sell,2022-05-14 12:07:28.241928+00:00
2022-05-14T12:04:39.809859Z,8310751,0.49000000,28.00000000,buy,2022-05-14 12:04:39.809859+00:00
2022-05-14T12:04:39.809859Z,8310750,0.49000000,920.00000000,buy,2022-05-14 12:04:39.809859+00:00
2022-05-14T12:02:32.525821Z,8310749,0.49000000,2993.84000000,buy,2022-05-14 12:02:32.525821+00:00
2022-05-14T12:02:32.525821Z,8310748,0.49000000,28.00000000,buy,2022-05-14 12:02:32.525821+00:00
2022-05-14T12:01:52.536738Z,8310747,0.49000000,1.10000000,buy,2022-05-14 12:01:52.536738+00:00
2022-05-14T12:00:37.672176Z,8310746,0.50000000,1.09000000,sell,2022-05-14 12:00:37.672176+00:00
2022-05-14T11:59:55.16808Z,8310745,0.49000000,23.21000000,buy,2022-05-14 11:59:55.168080+00:00
2022-05-14T11:58:14.952706Z,8310744,0.50000000,0.78000000,sell,2022-05-14 11:58:14.952706+00:00
2022-05-14T11:57:24.785002Z,8310743,0.50000000,1.89000000,sell,2022-05-14 11:57:24.785002+00:00
2022-05-14T11:55:20.678377Z,8310742,0.49000000,0.95000000,sell,2022-05-14 11:55:20.678377+00:00
2022-05-14T11:55:20.678377Z,8310741,0.49000000,11.97000000,sell,2022-05-14 11:55:20.678377+00:00
2022-05-14T11:55:20.678377Z,8310740,0.49000000,28.00000000,sell,2022-05-14 11:55:20.678377+00:00
2022-05-14T11:49:02.813469Z,8310739,0.49000000,73.83000000,sell,2022-05-14 11:49:02.813469+00:00
2022-05-14T11:49:02.813469Z,8310738,0.49000000,22.23000000,sell,2022-05-14 11:49:02.813469+00:00
2022-05-14T11:49:02.813469Z,8310737,0.49000000,28.00000000,sell,2022-05-14 11:49:02.813469+00:00
2022-05-14T11:46:03.987825Z,8310736,0.49000000,2.30000000,buy,2022-05-14 11:46:03.987825+00:00
2022-05-14T11:46:03.987825Z,8310735,0.49000000,2000.00000000,buy,2022-05-14 11:46:03.987825+00:00
2022-05-14T11:46:03.987825Z,8310734,0.49000000,28.00000000,buy,2022-05-14 11:46:03.987825+00:00
