time,trade_id,price,size,side,date
2022-05-14T22:25:05.872518Z,1686881,0.00771100,1297.00000000,buy,2022-05-14 22:25:05.872518+00:00
2022-05-14T22:23:18.926653Z,1686880,0.00771200,517.00000000,buy,2022-05-14 22:23:18.926653+00:00
2022-05-14T22:22:50.237355Z,1686879,0.00771200,22609.00000000,buy,2022-05-14 22:22:50.237355+00:00
2022-05-14T22:22:50.237355Z,1686878,0.00771300,8595.00000000,buy,2022-05-14 22:22:50.237355+00:00
2022-05-14T22:22:50.237355Z,1686877,0.00771300,500.00000000,buy,2022-05-14 22:22:50.237355+00:00
2022-05-14T22:21:11.234439Z,1686876,0.00771400,444.00000000,sell,2022-05-14 22:21:11.234439+00:00
2022-05-14T22:17:39.609427Z,1686875,0.00771300,9130.00000000,buy,2022-05-14 22:17:39.609427+00:00
2022-05-14T22:15:26.336612Z,1686874,0.00771300,66.00000000,buy,2022-05-14 22:15:26.336612+00:00
2022-05-14T22:12:07.275073Z,1686873,0.00771300,6486.00000000,sell,2022-05-14 22:12:07.275073+00:00
2022-05-14T22:12:06.384223Z,1686872,0.00771300,6485.00000000,sell,2022-05-14 22:12:06.384223+00:00
2022-05-14T22:12:05.406529Z,1686871,0.00771400,6028.00000000,sell,2022-05-14 22:12:05.406529+00:00
2022-05-14T22:12:05.406529Z,1686870,0.00771400,6485.00000000,sell,2022-05-14 22:12:05.406529+00:00
2022-05-14T22:12:00.123884Z,1686869,0.00771200,2593.00000000,buy,2022-05-14 22:12:00.123884+00:00
2022-05-14T22:10:11.42899Z,1686868,0.00771200,71.00000000,buy,2022-05-14 22:10:11.428990+00:00
2022-05-14T22:08:14.57269Z,1686867,0.00771200,48484.00000000,buy,2022-05-14 22:08:14.572690+00:00
2022-05-14T22:08:14.57269Z,1686866,0.00771200,6485.00000000,buy,2022-05-14 22:08:14.572690+00:00
2022-05-14T22:05:02.453928Z,1686865,0.00771300,407.00000000,buy,2022-05-14 22:05:02.453928+00:00
2022-05-14T22:04:16.588344Z,1686864,0.00771300,2593.00000000,buy,2022-05-14 22:04:16.588344+00:00
2022-05-14T22:04:09.057259Z,1686863,0.00771300,106.00000000,buy,2022-05-14 22:04:09.057259+00:00
2022-05-14T22:03:03.711197Z,1686862,0.00771300,192.00000000,buy,2022-05-14 22:03:03.711197+00:00
2022-05-14T22:01:07.260095Z,1686861,0.00771500,3027.00000000,sell,2022-05-14 22:01:07.260095+00:00
2022-05-14T22:01:07.260095Z,1686860,0.00771400,2350.00000000,sell,2022-05-14 22:01:07.260095+00:00
2022-05-14T21:59:44.071515Z,1686859,0.00771300,25000.00000000,buy,2022-05-14 21:59:44.071515+00:00
2022-05-14T21:58:45.279711Z,1686858,0.00771300,17799.00000000,buy,2022-05-14 21:58:45.279711+00:00
2022-05-14T21:58:42.952528Z,1686857,0.00771300,1862.00000000,buy,2022-05-14 21:58:42.952528+00:00
2022-05-14T21:56:44.487127Z,1686856,0.00771300,2700.00000000,buy,2022-05-14 21:56:44.487127+00:00
2022-05-14T21:56:06.248629Z,1686855,0.00771300,24299.00000000,buy,2022-05-14 21:56:06.248629+00:00
2022-05-14T21:55:30.142704Z,1686854,0.00771400,667.00000000,sell,2022-05-14 21:55:30.142704+00:00
2022-05-14T21:53:19.93793Z,1686853,0.00771300,314.00000000,buy,2022-05-14 21:53:19.937930+00:00
2022-05-14T21:52:45.788758Z,1686852,0.00771300,217.00000000,buy,2022-05-14 21:52:45.788758+00:00
2022-05-14T21:51:57.367045Z,1686851,0.00771300,126.00000000,buy,2022-05-14 21:51:57.367045+00:00
2022-05-14T21:51:10.790749Z,1686850,0.00771400,8156.00000000,sell,2022-05-14 21:51:10.790749+00:00
2022-05-14T21:51:09.561505Z,1686849,0.00771300,499.00000000,buy,2022-05-14 21:51:09.561505+00:00
2022-05-14T21:47:28.396353Z,1686848,0.00771300,225.00000000,buy,2022-05-14 21:47:28.396353+00:00
2022-05-14T21:46:43.51069Z,1686847,0.00771400,1163.00000000,sell,2022-05-14 21:46:43.510690+00:00
2022-05-14T21:46:36.215321Z,1686846,0.00771300,65.00000000,buy,2022-05-14 21:46:36.215321+00:00
2022-05-14T21:45:48.95705Z,1686845,0.00771300,1720.00000000,buy,2022-05-14 21:45:48.957050+00:00
2022-05-14T21:45:13.681601Z,1686844,0.00771300,10971.00000000,buy,2022-05-14 21:45:13.681601+00:00
2022-05-14T21:42:17.841643Z,1686843,0.00771300,12947.00000000,buy,2022-05-14 21:42:17.841643+00:00
2022-05-14T21:41:22.569764Z,1686842,0.00771300,4926.00000000,buy,2022-05-14 21:41:22.569764+00:00
2022-05-14T21:41:18.568027Z,1686841,0.00771300,48.00000000,buy,2022-05-14 21:41:18.568027+00:00
2022-05-14T21:39:35.966559Z,1686840,0.00771400,635.00000000,sell,2022-05-14 21:39:35.966559+00:00
2022-05-14T21:39:18.641129Z,1686839,0.00771300,17492.00000000,buy,2022-05-14 21:39:18.641129+00:00
2022-05-14T21:39:18.641129Z,1686838,0.00771400,7357.00000000,buy,2022-05-14 21:39:18.641129+00:00
2022-05-14T21:32:52.699006Z,1686837,0.00771300,18569.00000000,buy,2022-05-14 21:32:52.699006+00:00
2022-05-14T21:32:52.699006Z,1686836,0.00771300,7356.00000000,buy,2022-05-14 21:32:52.699006+00:00
2022-05-14T21:31:51.357128Z,1686835,0.00771400,7520.00000000,buy,2022-05-14 21:31:51.357128+00:00
2022-05-14T21:30:04.202047Z,1686834,0.00771400,16638.00000000,sell,2022-05-14 21:30:04.202047+00:00
2022-05-14T21:30:03.701895Z,1686833,0.00771400,16638.00000000,sell,2022-05-14 21:30:03.701895+00:00
2022-05-14T21:30:03.245454Z,1686832,0.00771400,16638.00000000,sell,2022-05-14 21:30:03.245454+00:00
2022-05-14T21:30:02.791396Z,1686831,0.00771400,16732.00000000,sell,2022-05-14 21:30:02.791396+00:00
2022-05-14T21:30:02.5496Z,1686830,0.00771400,16638.00000000,sell,2022-05-14 21:30:02.549600+00:00
2022-05-14T21:30:02.214555Z,1686829,0.00771500,16638.00000000,sell,2022-05-14 21:30:02.214555+00:00
2022-05-14T21:30:01.774265Z,1686828,0.00771500,16638.00000000,sell,2022-05-14 21:30:01.774265+00:00
2022-05-14T21:30:01.280672Z,1686827,0.00771500,16638.00000000,sell,2022-05-14 21:30:01.280672+00:00
2022-05-14T21:30:01.030199Z,1686826,0.00771500,11344.00000000,sell,2022-05-14 21:30:01.030199+00:00
2022-05-14T21:30:01.030199Z,1686825,0.00771500,5294.00000000,sell,2022-05-14 21:30:01.030199+00:00
2022-05-14T21:30:00.64172Z,1686824,0.00771500,16638.00000000,sell,2022-05-14 21:30:00.641720+00:00
2022-05-14T21:30:00.171021Z,1686823,0.00771500,16638.00000000,sell,2022-05-14 21:30:00.171021+00:00
2022-05-14T21:29:59.802966Z,1686822,0.00771500,16638.00000000,sell,2022-05-14 21:29:59.802966+00:00
2022-05-14T21:29:59.458849Z,1686821,0.00771500,16638.00000000,sell,2022-05-14 21:29:59.458849+00:00
2022-05-14T21:29:59.087031Z,1686820,0.00771500,16638.00000000,sell,2022-05-14 21:29:59.087031+00:00
2022-05-14T21:29:58.459017Z,1686819,0.00771500,16638.00000000,sell,2022-05-14 21:29:58.459017+00:00
2022-05-14T21:29:57.940718Z,1686818,0.00771500,16638.00000000,sell,2022-05-14 21:29:57.940718+00:00
2022-05-14T21:25:15.526714Z,1686817,0.00771100,754.00000000,buy,2022-05-14 21:25:15.526714+00:00
2022-05-14T21:25:05.885377Z,1686816,0.00771300,7540.00000000,sell,2022-05-14 21:25:05.885377+00:00
2022-05-14T21:23:32.089042Z,1686815,0.00771100,3341.00000000,buy,2022-05-14 21:23:32.089042+00:00
2022-05-14T21:21:18.363892Z,1686814,0.00771300,11249.00000000,buy,2022-05-14 21:21:18.363892+00:00
2022-05-14T21:19:26.333756Z,1686813,0.00771100,18715.00000000,buy,2022-05-14 21:19:26.333756+00:00
2022-05-14T21:18:25.551204Z,1686812,0.00771100,8428.00000000,buy,2022-05-14 21:18:25.551204+00:00
2022-05-14T21:17:21.472638Z,1686811,0.00771100,28606.00000000,buy,2022-05-14 21:17:21.472638+00:00
2022-05-14T21:16:55.27947Z,1686810,0.00771300,11202.00000000,sell,2022-05-14 21:16:55.279470+00:00
2022-05-14T21:16:09.056247Z,1686809,0.00771300,11146.00000000,buy,2022-05-14 21:16:09.056247+00:00
2022-05-14T21:15:06.14556Z,1686808,0.00771500,8464.00000000,sell,2022-05-14 21:15:06.145560+00:00
2022-05-14T21:14:48.948049Z,1686807,0.00771300,56.00000000,buy,2022-05-14 21:14:48.948049+00:00
2022-05-14T21:13:58.919541Z,1686806,0.00771400,2871.00000000,sell,2022-05-14 21:13:58.919541+00:00
2022-05-14T21:13:58.919541Z,1686805,0.00771400,4221.00000000,sell,2022-05-14 21:13:58.919541+00:00
2022-05-14T21:13:21.655681Z,1686804,0.00771400,5375.00000000,sell,2022-05-14 21:13:21.655681+00:00
2022-05-14T21:12:43.929056Z,1686803,0.00771100,4262.00000000,buy,2022-05-14 21:12:43.929056+00:00
2022-05-14T21:12:40.543641Z,1686802,0.00771200,2673.00000000,buy,2022-05-14 21:12:40.543641+00:00
2022-05-14T21:12:13.1602Z,1686801,0.00771400,8238.00000000,sell,2022-05-14 21:12:13.160200+00:00
2022-05-14T21:12:13.1602Z,1686800,0.00771400,3528.00000000,sell,2022-05-14 21:12:13.160200+00:00
2022-05-14T21:10:58.790652Z,1686799,0.00771100,78.00000000,buy,2022-05-14 21:10:58.790652+00:00
2022-05-14T21:09:28.197616Z,1686798,0.00771400,4262.00000000,sell,2022-05-14 21:09:28.197616+00:00
2022-05-14T21:05:10.869778Z,1686797,0.00771200,2593.00000000,buy,2022-05-14 21:05:10.869778+00:00
2022-05-14T21:04:47.458282Z,1686796,0.00771400,645.00000000,sell,2022-05-14 21:04:47.458282+00:00
2022-05-14T21:04:13.38589Z,1686795,0.00771300,5120.00000000,sell,2022-05-14 21:04:13.385890+00:00
2022-05-14T21:02:58.899065Z,1686794,0.00771100,129.00000000,buy,2022-05-14 21:02:58.899065+00:00
2022-05-14T20:59:35.015004Z,1686793,0.00771300,1162.00000000,sell,2022-05-14 20:59:35.015004+00:00
2022-05-14T20:56:54.680083Z,1686792,0.00771300,673.00000000,sell,2022-05-14 20:56:54.680083+00:00
2022-05-14T20:55:22.013467Z,1686791,0.00771100,2845.00000000,buy,2022-05-14 20:55:22.013467+00:00
2022-05-14T20:54:55.919071Z,1686790,0.00771400,1420.00000000,sell,2022-05-14 20:54:55.919071+00:00
2022-05-14T20:54:04.35331Z,1686789,0.00771100,8167.00000000,buy,2022-05-14 20:54:04.353310+00:00
2022-05-14T20:53:55.025738Z,1686788,0.00771400,13948.00000000,sell,2022-05-14 20:53:55.025738+00:00
2022-05-14T20:52:37.125537Z,1686787,0.00771200,531.00000000,buy,2022-05-14 20:52:37.125537+00:00
2022-05-14T20:48:11.854208Z,1686786,0.00771500,8212.00000000,sell,2022-05-14 20:48:11.854208+00:00
2022-05-14T20:46:03.707076Z,1686785,0.00771200,5924.00000000,buy,2022-05-14 20:46:03.707076+00:00
2022-05-14T20:43:31.80394Z,1686784,0.00771100,1037.00000000,buy,2022-05-14 20:43:31.803940+00:00
2022-05-14T20:38:12.244092Z,1686783,0.00771100,800.00000000,buy,2022-05-14 20:38:12.244092+00:00
2022-05-14T20:38:08.069551Z,1686782,0.00771100,17142.00000000,buy,2022-05-14 20:38:08.069551+00:00
2022-05-14T20:37:13.826954Z,1686781,0.00771100,9885.00000000,buy,2022-05-14 20:37:13.826954+00:00
2022-05-14T20:36:30.490617Z,1686780,0.00771100,576.00000000,buy,2022-05-14 20:36:30.490617+00:00
2022-05-14T20:34:49.779785Z,1686779,0.00771100,3570.00000000,buy,2022-05-14 20:34:49.779785+00:00
2022-05-14T20:33:02.831026Z,1686778,0.00771100,86.00000000,buy,2022-05-14 20:33:02.831026+00:00
2022-05-14T20:32:58.555032Z,1686777,0.00771100,4639.00000000,buy,2022-05-14 20:32:58.555032+00:00
2022-05-14T20:32:20.651485Z,1686776,0.00771100,130.00000000,buy,2022-05-14 20:32:20.651485+00:00
2022-05-14T20:30:51.001793Z,1686775,0.00771100,1359.00000000,buy,2022-05-14 20:30:51.001793+00:00
2022-05-14T20:25:34.753399Z,1686774,0.00771100,908.00000000,buy,2022-05-14 20:25:34.753399+00:00
2022-05-14T20:25:21.742853Z,1686773,0.00771100,1539.00000000,buy,2022-05-14 20:25:21.742853+00:00
2022-05-14T20:24:26.368223Z,1686772,0.00771100,9357.00000000,buy,2022-05-14 20:24:26.368223+00:00
2022-05-14T20:23:13.187544Z,1686771,0.00771100,778.00000000,buy,2022-05-14 20:23:13.187544+00:00
2022-05-14T20:22:38.971888Z,1686770,0.00771100,2662.00000000,buy,2022-05-14 20:22:38.971888+00:00
2022-05-14T20:21:52.440561Z,1686769,0.00771100,3857.00000000,buy,2022-05-14 20:21:52.440561+00:00
2022-05-14T20:21:47.977616Z,1686768,0.00771300,390.00000000,sell,2022-05-14 20:21:47.977616+00:00
2022-05-14T20:21:37.089885Z,1686767,0.00771100,2593.00000000,buy,2022-05-14 20:21:37.089885+00:00
2022-05-14T20:20:25.176711Z,1686766,0.00771200,1296.00000000,buy,2022-05-14 20:20:25.176711+00:00
2022-05-14T20:19:52.212957Z,1686765,0.00771300,1941.00000000,sell,2022-05-14 20:19:52.212957+00:00
2022-05-14T20:19:48.487455Z,1686764,0.00771200,2593.00000000,buy,2022-05-14 20:19:48.487455+00:00
2022-05-14T20:19:41.370656Z,1686763,0.00771300,7850.00000000,buy,2022-05-14 20:19:41.370656+00:00
2022-05-14T20:19:38.00256Z,1686762,0.00771300,1211.00000000,buy,2022-05-14 20:19:38.002560+00:00
2022-05-14T20:19:35.941129Z,1686761,0.00771400,1211.00000000,sell,2022-05-14 20:19:35.941129+00:00
2022-05-14T20:19:35.086687Z,1686760,0.00771200,4305.00000000,buy,2022-05-14 20:19:35.086687+00:00
2022-05-14T20:19:35.086687Z,1686759,0.00771300,5661.00000000,buy,2022-05-14 20:19:35.086687+00:00
2022-05-14T20:19:20.781677Z,1686758,0.00771300,1296.00000000,buy,2022-05-14 20:19:20.781677+00:00
2022-05-14T20:18:50.880004Z,1686757,0.00771400,3033.00000000,sell,2022-05-14 20:18:50.880004+00:00
2022-05-14T20:17:38.943049Z,1686756,0.00771500,21463.00000000,sell,2022-05-14 20:17:38.943049+00:00
2022-05-14T20:17:38.943049Z,1686755,0.00771500,21016.00000000,sell,2022-05-14 20:17:38.943049+00:00
2022-05-14T20:17:38.943049Z,1686754,0.00771400,80000.00000000,sell,2022-05-14 20:17:38.943049+00:00
2022-05-14T20:17:38.943049Z,1686753,0.00771300,6506.00000000,sell,2022-05-14 20:17:38.943049+00:00
2022-05-14T20:17:22.418086Z,1686752,0.00771300,3806.00000000,sell,2022-05-14 20:17:22.418086+00:00
2022-05-14T20:16:45.735526Z,1686751,0.00771200,2593.00000000,buy,2022-05-14 20:16:45.735526+00:00
2022-05-14T20:16:39.141128Z,1686750,0.00771200,1350.00000000,buy,2022-05-14 20:16:39.141128+00:00
2022-05-14T20:16:22.323704Z,1686749,0.00771200,259.00000000,buy,2022-05-14 20:16:22.323704+00:00
2022-05-14T20:16:08.76558Z,1686748,0.00771200,1113.00000000,buy,2022-05-14 20:16:08.765580+00:00
2022-05-14T20:16:08.76558Z,1686747,0.00771200,9908.00000000,buy,2022-05-14 20:16:08.765580+00:00
2022-05-14T20:14:55.041179Z,1686746,0.00771100,98.00000000,buy,2022-05-14 20:14:55.041179+00:00
2022-05-14T20:14:44.397485Z,1686745,0.00771100,199.00000000,buy,2022-05-14 20:14:44.397485+00:00
2022-05-14T20:13:41.983197Z,1686744,0.00771400,137.00000000,sell,2022-05-14 20:13:41.983197+00:00
2022-05-14T20:13:40.270965Z,1686743,0.00771400,1414.00000000,sell,2022-05-14 20:13:40.270965+00:00
2022-05-14T20:10:31.743097Z,1686742,0.00771200,152.00000000,buy,2022-05-14 20:10:31.743097+00:00
2022-05-14T20:09:46.928891Z,1686741,0.00771200,567.00000000,buy,2022-05-14 20:09:46.928891+00:00
2022-05-14T20:08:46.575191Z,1686740,0.00771200,799.00000000,buy,2022-05-14 20:08:46.575191+00:00
2022-05-14T20:05:51.065596Z,1686739,0.00771300,7141.00000000,sell,2022-05-14 20:05:51.065596+00:00
2022-05-14T20:04:37.197797Z,1686738,0.00771200,2199.00000000,buy,2022-05-14 20:04:37.197797+00:00
2022-05-14T20:03:59.501954Z,1686737,0.00771200,2409.00000000,buy,2022-05-14 20:03:59.501954+00:00
2022-05-14T19:58:53.968434Z,1686736,0.00771200,691.00000000,buy,2022-05-14 19:58:53.968434+00:00
2022-05-14T19:56:33.358268Z,1686735,0.00771200,15312.00000000,buy,2022-05-14 19:56:33.358268+00:00
2022-05-14T19:56:33.358268Z,1686734,0.00771300,6741.00000000,buy,2022-05-14 19:56:33.358268+00:00
2022-05-14T19:55:26.660603Z,1686733,0.00771300,400.00000000,buy,2022-05-14 19:55:26.660603+00:00
2022-05-14T19:55:12.423433Z,1686732,0.00771400,16638.00000000,sell,2022-05-14 19:55:12.423433+00:00
2022-05-14T19:55:11.916371Z,1686731,0.00771400,16638.00000000,sell,2022-05-14 19:55:11.916371+00:00
2022-05-14T19:55:11.726577Z,1686730,0.00771400,16638.00000000,sell,2022-05-14 19:55:11.726577+00:00
2022-05-14T19:55:11.353601Z,1686729,0.00771400,16638.00000000,sell,2022-05-14 19:55:11.353601+00:00
2022-05-14T19:55:10.930016Z,1686728,0.00771400,16638.00000000,sell,2022-05-14 19:55:10.930016+00:00
2022-05-14T19:55:10.239039Z,1686727,0.00771400,16638.00000000,sell,2022-05-14 19:55:10.239039+00:00
2022-05-14T19:55:09.812374Z,1686726,0.00771400,16638.00000000,sell,2022-05-14 19:55:09.812374+00:00
2022-05-14T19:55:09.54186Z,1686725,0.00771400,16638.00000000,sell,2022-05-14 19:55:09.541860+00:00
2022-05-14T19:55:08.893474Z,1686724,0.00771400,16638.00000000,sell,2022-05-14 19:55:08.893474+00:00
2022-05-14T19:55:08.029332Z,1686723,0.00771300,12168.00000000,sell,2022-05-14 19:55:08.029332+00:00
2022-05-14T19:55:07.641691Z,1686722,0.00771400,9027.00000000,sell,2022-05-14 19:55:07.641691+00:00
2022-05-14T19:55:07.641691Z,1686721,0.00771300,7611.00000000,sell,2022-05-14 19:55:07.641691+00:00
2022-05-14T19:55:07.206666Z,1686720,0.00771400,16638.00000000,sell,2022-05-14 19:55:07.206666+00:00
2022-05-14T19:50:11.241802Z,1686719,0.00771200,1286.00000000,buy,2022-05-14 19:50:11.241802+00:00
2022-05-14T19:50:11.241802Z,1686718,0.00771300,3811.00000000,buy,2022-05-14 19:50:11.241802+00:00
2022-05-14T19:47:10.285476Z,1686717,0.00771300,8133.00000000,buy,2022-05-14 19:47:10.285476+00:00
2022-05-14T19:45:52.960981Z,1686716,0.00771300,627.00000000,buy,2022-05-14 19:45:52.960981+00:00
2022-05-14T19:45:07.345924Z,1686715,0.00771200,13592.00000000,buy,2022-05-14 19:45:07.345924+00:00
2022-05-14T19:45:07.345924Z,1686714,0.00771200,7208.00000000,buy,2022-05-14 19:45:07.345924+00:00
2022-05-14T19:45:00.355738Z,1686713,0.00771300,12777.00000000,sell,2022-05-14 19:45:00.355738+00:00
2022-05-14T19:44:59.982667Z,1686712,0.00771300,6840.00000000,sell,2022-05-14 19:44:59.982667+00:00
2022-05-14T19:44:39.6659Z,1686711,0.00771200,4955.00000000,buy,2022-05-14 19:44:39.665900+00:00
2022-05-14T19:44:17.72457Z,1686710,0.00771200,3241.00000000,buy,2022-05-14 19:44:17.724570+00:00
2022-05-14T19:42:43.384311Z,1686709,0.00771200,115.00000000,buy,2022-05-14 19:42:43.384311+00:00
2022-05-14T19:41:29.278971Z,1686708,0.00771400,63548.00000000,sell,2022-05-14 19:41:29.278971+00:00
2022-05-14T19:41:16.315756Z,1686707,0.00771200,68.00000000,buy,2022-05-14 19:41:16.315756+00:00
2022-05-14T19:35:03.31393Z,1686706,0.00771100,46860.00000000,buy,2022-05-14 19:35:03.313930+00:00
2022-05-14T19:35:03.31393Z,1686705,0.00771200,5000.00000000,buy,2022-05-14 19:35:03.313930+00:00
2022-05-14T19:24:20.05722Z,1686704,0.00771200,202.00000000,buy,2022-05-14 19:24:20.057220+00:00
2022-05-14T19:23:01.116678Z,1686703,0.00771200,52.00000000,buy,2022-05-14 19:23:01.116678+00:00
2022-05-14T19:22:36.567177Z,1686702,0.00771200,10984.00000000,buy,2022-05-14 19:22:36.567177+00:00
2022-05-14T19:20:14.654751Z,1686701,0.00771400,23248.00000000,sell,2022-05-14 19:20:14.654751+00:00
2022-05-14T19:13:24.665468Z,1686700,0.00771100,130.00000000,buy,2022-05-14 19:13:24.665468+00:00
2022-05-14T19:09:28.528103Z,1686699,0.00771300,16638.00000000,sell,2022-05-14 19:09:28.528103+00:00
2022-05-14T19:09:27.984155Z,1686698,0.00771300,16638.00000000,sell,2022-05-14 19:09:27.984155+00:00
2022-05-14T19:09:27.54988Z,1686697,0.00771300,16638.00000000,sell,2022-05-14 19:09:27.549880+00:00
2022-05-14T19:09:27.129338Z,1686696,0.00771300,16638.00000000,sell,2022-05-14 19:09:27.129338+00:00
2022-05-14T19:09:26.875163Z,1686695,0.00771300,16638.00000000,sell,2022-05-14 19:09:26.875163+00:00
2022-05-14T19:09:26.192379Z,1686694,0.00771200,7376.00000000,sell,2022-05-14 19:09:26.192379+00:00
2022-05-14T19:09:25.462501Z,1686693,0.00771300,5066.00000000,sell,2022-05-14 19:09:25.462501+00:00
2022-05-14T19:09:25.462501Z,1686692,0.00771300,11572.00000000,sell,2022-05-14 19:09:25.462501+00:00
2022-05-14T19:08:38.246008Z,1686691,0.00771200,77.00000000,buy,2022-05-14 19:08:38.246008+00:00
2022-05-14T19:04:10.595314Z,1686690,0.00771100,9349.00000000,buy,2022-05-14 19:04:10.595314+00:00
2022-05-14T19:04:10.595314Z,1686689,0.00771200,7071.00000000,buy,2022-05-14 19:04:10.595314+00:00
2022-05-14T19:01:22.678735Z,1686688,0.00771300,127.00000000,sell,2022-05-14 19:01:22.678735+00:00
2022-05-14T19:01:11.383061Z,1686687,0.00771200,57.00000000,buy,2022-05-14 19:01:11.383061+00:00
2022-05-14T19:00:10.664899Z,1686686,0.00771400,255.00000000,sell,2022-05-14 19:00:10.664899+00:00
2022-05-14T18:58:54.542626Z,1686685,0.00771200,7038.00000000,sell,2022-05-14 18:58:54.542626+00:00
2022-05-14T18:58:54.333741Z,1686684,0.00771200,7034.00000000,sell,2022-05-14 18:58:54.333741+00:00
2022-05-14T18:57:40.980586Z,1686683,0.00771100,1945.00000000,buy,2022-05-14 18:57:40.980586+00:00
2022-05-14T18:56:47.632179Z,1686682,0.00771100,63720.00000000,buy,2022-05-14 18:56:47.632179+00:00
2022-05-14T18:56:47.632179Z,1686681,0.00771200,7961.00000000,buy,2022-05-14 18:56:47.632179+00:00
2022-05-14T18:56:14.824372Z,1686680,0.00771200,222.00000000,buy,2022-05-14 18:56:14.824372+00:00
2022-05-14T18:55:50.767149Z,1686679,0.00771200,64.00000000,buy,2022-05-14 18:55:50.767149+00:00
2022-05-14T18:55:27.124788Z,1686678,0.00771100,4740.00000000,buy,2022-05-14 18:55:27.124788+00:00
2022-05-14T18:55:27.124788Z,1686677,0.00771200,500.00000000,buy,2022-05-14 18:55:27.124788+00:00
2022-05-14T18:55:27.124788Z,1686676,0.00771200,8246.00000000,buy,2022-05-14 18:55:27.124788+00:00
2022-05-14T18:49:14.785561Z,1686675,0.00771300,660.00000000,sell,2022-05-14 18:49:14.785561+00:00
2022-05-14T18:40:59.834115Z,1686674,0.00771100,3810.00000000,buy,2022-05-14 18:40:59.834115+00:00
2022-05-14T18:40:59.834115Z,1686673,0.00771200,7374.00000000,buy,2022-05-14 18:40:59.834115+00:00
2022-05-14T18:38:48.82279Z,1686672,0.00771200,2075.00000000,buy,2022-05-14 18:38:48.822790+00:00
2022-05-14T18:37:12.009789Z,1686671,0.00771100,9470.00000000,buy,2022-05-14 18:37:12.009789+00:00
2022-05-14T18:35:25.628042Z,1686670,0.00771200,5436.00000000,sell,2022-05-14 18:35:25.628042+00:00
2022-05-14T18:32:38.681639Z,1686669,0.00771100,76.00000000,buy,2022-05-14 18:32:38.681639+00:00
2022-05-14T18:31:39.925824Z,1686668,0.00771100,6779.00000000,buy,2022-05-14 18:31:39.925824+00:00
2022-05-14T18:28:01.416443Z,1686667,0.00771000,1293.00000000,buy,2022-05-14 18:28:01.416443+00:00
2022-05-14T18:25:59.91837Z,1686666,0.00771200,264.00000000,sell,2022-05-14 18:25:59.918370+00:00
2022-05-14T18:24:53.77742Z,1686665,0.00771000,9989.00000000,buy,2022-05-14 18:24:53.777420+00:00
2022-05-14T18:24:05.149622Z,1686664,0.00771100,10883.00000000,sell,2022-05-14 18:24:05.149622+00:00
2022-05-14T18:24:01.075934Z,1686663,0.00771100,10882.00000000,sell,2022-05-14 18:24:01.075934+00:00
2022-05-14T18:21:47.708932Z,1686662,0.00771200,4333.00000000,buy,2022-05-14 18:21:47.708932+00:00
2022-05-14T18:20:10.432981Z,1686661,0.00771200,1171.00000000,buy,2022-05-14 18:20:10.432981+00:00
2022-05-14T18:11:01.466426Z,1686660,0.00771200,2048.00000000,buy,2022-05-14 18:11:01.466426+00:00
2022-05-14T18:10:40.517938Z,1686659,0.00771200,8282.00000000,sell,2022-05-14 18:10:40.517938+00:00
2022-05-14T18:10:34.893553Z,1686658,0.00771100,2590.00000000,buy,2022-05-14 18:10:34.893553+00:00
2022-05-14T18:10:34.893553Z,1686657,0.00771200,50.00000000,buy,2022-05-14 18:10:34.893553+00:00
2022-05-14T18:09:36.843912Z,1686656,0.00771200,4952.00000000,buy,2022-05-14 18:09:36.843912+00:00
2022-05-14T18:05:49.935715Z,1686655,0.00771200,204.00000000,buy,2022-05-14 18:05:49.935715+00:00
2022-05-14T18:02:59.417053Z,1686654,0.00771100,158831.00000000,buy,2022-05-14 18:02:59.417053+00:00
2022-05-14T18:02:59.417053Z,1686653,0.00771200,8602.00000000,buy,2022-05-14 18:02:59.417053+00:00
2022-05-14T18:01:22.783977Z,1686652,0.00771100,11418.00000000,buy,2022-05-14 18:01:22.783977+00:00
2022-05-14T18:01:22.783977Z,1686651,0.00771200,8737.00000000,buy,2022-05-14 18:01:22.783977+00:00
2022-05-14T18:00:07.518672Z,1686650,0.00771300,16638.00000000,sell,2022-05-14 18:00:07.518672+00:00
2022-05-14T18:00:06.895769Z,1686649,0.00771300,16638.00000000,sell,2022-05-14 18:00:06.895769+00:00
2022-05-14T18:00:06.549545Z,1686648,0.00771300,16638.00000000,sell,2022-05-14 18:00:06.549545+00:00
2022-05-14T18:00:06.197182Z,1686647,0.00771300,16638.00000000,sell,2022-05-14 18:00:06.197182+00:00
2022-05-14T18:00:05.695247Z,1686646,0.00771300,16638.00000000,sell,2022-05-14 18:00:05.695247+00:00
2022-05-14T18:00:05.164857Z,1686645,0.00771300,16638.00000000,sell,2022-05-14 18:00:05.164857+00:00
2022-05-14T18:00:04.828331Z,1686644,0.00771300,16638.00000000,sell,2022-05-14 18:00:04.828331+00:00
2022-05-14T18:00:04.555107Z,1686643,0.00771300,16638.00000000,sell,2022-05-14 18:00:04.555107+00:00
2022-05-14T18:00:03.861461Z,1686642,0.00771300,16638.00000000,sell,2022-05-14 18:00:03.861461+00:00
2022-05-14T18:00:03.434235Z,1686641,0.00771300,16638.00000000,sell,2022-05-14 18:00:03.434235+00:00
2022-05-14T18:00:03.133094Z,1686640,0.00771300,16638.00000000,sell,2022-05-14 18:00:03.133094+00:00
2022-05-14T18:00:02.750562Z,1686639,0.00771300,16638.00000000,sell,2022-05-14 18:00:02.750562+00:00
2022-05-14T18:00:02.518995Z,1686638,0.00771300,16638.00000000,sell,2022-05-14 18:00:02.518995+00:00
2022-05-14T18:00:02.285414Z,1686637,0.00771300,16638.00000000,sell,2022-05-14 18:00:02.285414+00:00
2022-05-14T18:00:01.891037Z,1686636,0.00771400,16638.00000000,sell,2022-05-14 18:00:01.891037+00:00
2022-05-14T18:00:01.667124Z,1686635,0.00771300,6865.00000000,sell,2022-05-14 18:00:01.667124+00:00
2022-05-14T18:00:01.376757Z,1686634,0.00771300,6864.00000000,sell,2022-05-14 18:00:01.376757+00:00
2022-05-14T18:00:00.911663Z,1686633,0.00771300,10959.00000000,sell,2022-05-14 18:00:00.911663+00:00
2022-05-14T17:59:04.766312Z,1686632,0.00771200,5307.00000000,buy,2022-05-14 17:59:04.766312+00:00
2022-05-14T17:56:34.766078Z,1686631,0.00771100,44109.00000000,buy,2022-05-14 17:56:34.766078+00:00
2022-05-14T17:56:34.766078Z,1686630,0.00771200,48.00000000,buy,2022-05-14 17:56:34.766078+00:00
2022-05-14T17:56:34.766078Z,1686629,0.00771200,6561.00000000,buy,2022-05-14 17:56:34.766078+00:00
2022-05-14T17:54:19.793984Z,1686628,0.00771400,1269.00000000,sell,2022-05-14 17:54:19.793984+00:00
2022-05-14T17:50:51.199546Z,1686627,0.00770900,467.00000000,buy,2022-05-14 17:50:51.199546+00:00
2022-05-14T17:50:10.067675Z,1686626,0.00771300,265.00000000,sell,2022-05-14 17:50:10.067675+00:00
2022-05-14T17:49:53.522609Z,1686625,0.00771200,114.00000000,buy,2022-05-14 17:49:53.522609+00:00
2022-05-14T17:49:31.339583Z,1686624,0.00771400,4903.00000000,sell,2022-05-14 17:49:31.339583+00:00
2022-05-14T17:47:59.987802Z,1686623,0.00771400,2517.00000000,sell,2022-05-14 17:47:59.987802+00:00
2022-05-14T17:46:32.139557Z,1686622,0.00771400,646.00000000,sell,2022-05-14 17:46:32.139557+00:00
2022-05-14T17:44:42.322684Z,1686621,0.00771100,55701.00000000,buy,2022-05-14 17:44:42.322684+00:00
2022-05-14T17:44:42.322684Z,1686620,0.00771200,500.00000000,buy,2022-05-14 17:44:42.322684+00:00
2022-05-14T17:44:42.322684Z,1686619,0.00771200,12971.00000000,buy,2022-05-14 17:44:42.322684+00:00
2022-05-14T17:42:32.156546Z,1686618,0.00771400,754.00000000,sell,2022-05-14 17:42:32.156546+00:00
2022-05-14T17:41:09.105032Z,1686617,0.00771200,6329.00000000,sell,2022-05-14 17:41:09.105032+00:00
2022-05-14T17:40:23.994743Z,1686616,0.00771000,157.00000000,buy,2022-05-14 17:40:23.994743+00:00
2022-05-14T17:40:17.996357Z,1686615,0.00771200,1162.00000000,sell,2022-05-14 17:40:17.996357+00:00
2022-05-14T17:39:50.437698Z,1686614,0.00771300,633.00000000,sell,2022-05-14 17:39:50.437698+00:00
2022-05-14T17:38:37.305705Z,1686613,0.00769100,114882.00000000,buy,2022-05-14 17:38:37.305705+00:00
2022-05-14T17:38:37.305705Z,1686612,0.00769100,130.00000000,buy,2022-05-14 17:38:37.305705+00:00
2022-05-14T17:38:37.305705Z,1686611,0.00770000,50000.00000000,buy,2022-05-14 17:38:37.305705+00:00
2022-05-14T17:38:37.305705Z,1686610,0.00770900,1684.00000000,buy,2022-05-14 17:38:37.305705+00:00
2022-05-14T17:38:37.305705Z,1686609,0.00771000,300000.00000000,buy,2022-05-14 17:38:37.305705+00:00
2022-05-14T17:38:37.305705Z,1686608,0.00771100,52000.00000000,buy,2022-05-14 17:38:37.305705+00:00
2022-05-14T17:38:37.305705Z,1686607,0.00771200,6843.00000000,buy,2022-05-14 17:38:37.305705+00:00
2022-05-14T17:37:33.173768Z,1686606,0.00771200,648.00000000,buy,2022-05-14 17:37:33.173768+00:00
2022-05-14T17:31:43.491398Z,1686605,0.00771300,1508.00000000,buy,2022-05-14 17:31:43.491398+00:00
2022-05-14T17:31:06.465176Z,1686604,0.00771300,1029.00000000,buy,2022-05-14 17:31:06.465176+00:00
2022-05-14T17:30:39.905205Z,1686603,0.00771300,386.00000000,buy,2022-05-14 17:30:39.905205+00:00
2022-05-14T17:30:05.204675Z,1686602,0.00771300,51857.00000000,buy,2022-05-14 17:30:05.204675+00:00
2022-05-14T17:24:18.527849Z,1686601,0.00771400,445.00000000,sell,2022-05-14 17:24:18.527849+00:00
2022-05-14T17:24:05.760458Z,1686600,0.00771400,129.00000000,sell,2022-05-14 17:24:05.760458+00:00
2022-05-14T17:20:46.881123Z,1686599,0.00771400,1850.00000000,sell,2022-05-14 17:20:46.881123+00:00
2022-05-14T17:18:57.98571Z,1686598,0.00771400,46565.00000000,sell,2022-05-14 17:18:57.985710+00:00
2022-05-14T17:18:23.612748Z,1686597,0.00771300,46988.00000000,buy,2022-05-14 17:18:23.612748+00:00
2022-05-14T17:17:16.947699Z,1686596,0.00771300,1402.00000000,buy,2022-05-14 17:17:16.947699+00:00
2022-05-14T17:15:11.405501Z,1686595,0.00771300,100.00000000,buy,2022-05-14 17:15:11.405501+00:00
2022-05-14T17:15:02.370214Z,1686594,0.00771300,34888.00000000,buy,2022-05-14 17:15:02.370214+00:00
2022-05-14T17:14:57.548666Z,1686593,0.00771300,140.00000000,buy,2022-05-14 17:14:57.548666+00:00
2022-05-14T17:12:53.254075Z,1686592,0.00771400,588.00000000,sell,2022-05-14 17:12:53.254075+00:00
2022-05-14T17:12:41.081708Z,1686591,0.00771400,68.00000000,sell,2022-05-14 17:12:41.081708+00:00
2022-05-14T17:10:48.243654Z,1686590,0.00771300,22316.00000000,buy,2022-05-14 17:10:48.243654+00:00
2022-05-14T17:10:38.661379Z,1686589,0.00771300,687.00000000,buy,2022-05-14 17:10:38.661379+00:00
2022-05-14T17:09:22.191138Z,1686588,0.00771300,260000.00000000,buy,2022-05-14 17:09:22.191138+00:00
2022-05-14T17:07:18.285267Z,1686587,0.00771300,208.00000000,buy,2022-05-14 17:07:18.285267+00:00
2022-05-14T17:05:48.434285Z,1686586,0.00771300,1968.00000000,buy,2022-05-14 17:05:48.434285+00:00
2022-05-14T17:05:10.473478Z,1686585,0.00771300,1281.00000000,buy,2022-05-14 17:05:10.473478+00:00
2022-05-14T17:01:33.912974Z,1686584,0.00771300,149.00000000,buy,2022-05-14 17:01:33.912974+00:00
2022-05-14T16:59:20.550369Z,1686583,0.00771300,406.00000000,buy,2022-05-14 16:59:20.550369+00:00
2022-05-14T16:58:12.297166Z,1686582,0.00771300,1202.00000000,buy,2022-05-14 16:58:12.297166+00:00
2022-05-14T16:57:40.687864Z,1686581,0.00771300,16134.00000000,buy,2022-05-14 16:57:40.687864+00:00
2022-05-14T16:53:03.677356Z,1686580,0.00771300,63.00000000,buy,2022-05-14 16:53:03.677356+00:00
2022-05-14T16:51:08.889584Z,1686579,0.00771400,63.00000000,sell,2022-05-14 16:51:08.889584+00:00
2022-05-14T16:50:07.502723Z,1686578,0.00771300,16638.00000000,sell,2022-05-14 16:50:07.502723+00:00
2022-05-14T16:50:07.151799Z,1686577,0.00771300,16638.00000000,sell,2022-05-14 16:50:07.151799+00:00
2022-05-14T16:50:06.913155Z,1686576,0.00771300,17061.00000000,sell,2022-05-14 16:50:06.913155+00:00
2022-05-14T16:50:06.187135Z,1686575,0.00771300,17061.00000000,sell,2022-05-14 16:50:06.187135+00:00
2022-05-14T16:50:05.776032Z,1686574,0.00771300,17061.00000000,sell,2022-05-14 16:50:05.776032+00:00
2022-05-14T16:50:05.236812Z,1686573,0.00771300,17061.00000000,sell,2022-05-14 16:50:05.236812+00:00
2022-05-14T16:50:04.781088Z,1686572,0.00771300,17061.00000000,sell,2022-05-14 16:50:04.781088+00:00
2022-05-14T16:50:03.99375Z,1686571,0.00771200,17014.00000000,sell,2022-05-14 16:50:03.993750+00:00
2022-05-14T16:50:03.569709Z,1686570,0.00771300,17014.00000000,sell,2022-05-14 16:50:03.569709+00:00
2022-05-14T16:50:03.197597Z,1686569,0.00771300,17014.00000000,sell,2022-05-14 16:50:03.197597+00:00
2022-05-14T16:50:02.914642Z,1686568,0.00771300,17014.00000000,sell,2022-05-14 16:50:02.914642+00:00
2022-05-14T16:50:02.604705Z,1686567,0.00771300,17014.00000000,sell,2022-05-14 16:50:02.604705+00:00
2022-05-14T16:50:02.222254Z,1686566,0.00771300,17014.00000000,sell,2022-05-14 16:50:02.222254+00:00
2022-05-14T16:50:02.003496Z,1686565,0.00771300,17014.00000000,sell,2022-05-14 16:50:02.003496+00:00
2022-05-14T16:50:01.543846Z,1686564,0.00771300,17014.00000000,sell,2022-05-14 16:50:01.543846+00:00
2022-05-14T16:50:01.318536Z,1686563,0.00771200,18048.00000000,sell,2022-05-14 16:50:01.318536+00:00
2022-05-14T16:50:00.878797Z,1686562,0.00771300,17014.00000000,sell,2022-05-14 16:50:00.878797+00:00
2022-05-14T16:50:00.528428Z,1686561,0.00771200,17014.00000000,sell,2022-05-14 16:50:00.528428+00:00
2022-05-14T16:49:34.141466Z,1686560,0.00770900,592.00000000,buy,2022-05-14 16:49:34.141466+00:00
2022-05-14T16:49:34.141466Z,1686559,0.00771000,2000.00000000,buy,2022-05-14 16:49:34.141466+00:00
2022-05-14T16:48:22.435405Z,1686558,0.00771000,130.00000000,buy,2022-05-14 16:48:22.435405+00:00
2022-05-14T16:48:07.243354Z,1686557,0.00771100,10390.00000000,sell,2022-05-14 16:48:07.243354+00:00
2022-05-14T16:48:06.640669Z,1686556,0.00771000,15068.00000000,buy,2022-05-14 16:48:06.640669+00:00
2022-05-14T16:47:16.599067Z,1686555,0.00771000,130.00000000,buy,2022-05-14 16:47:16.599067+00:00
2022-05-14T16:45:54.401221Z,1686554,0.00771200,17154.00000000,sell,2022-05-14 16:45:54.401221+00:00
2022-05-14T16:45:54.401221Z,1686553,0.00771100,5162.00000000,sell,2022-05-14 16:45:54.401221+00:00
2022-05-14T16:45:09.383403Z,1686552,0.00770900,5926.00000000,buy,2022-05-14 16:45:09.383403+00:00
2022-05-14T16:45:09.383403Z,1686551,0.00771000,6000.00000000,buy,2022-05-14 16:45:09.383403+00:00
2022-05-14T16:45:09.383403Z,1686550,0.00771000,10390.00000000,buy,2022-05-14 16:45:09.383403+00:00
2022-05-14T16:44:47.439941Z,1686549,0.00771100,1426.00000000,sell,2022-05-14 16:44:47.439941+00:00
2022-05-14T16:44:31.378978Z,1686548,0.00771200,5930.00000000,sell,2022-05-14 16:44:31.378978+00:00
2022-05-14T16:44:31.378978Z,1686547,0.00771100,6587.00000000,sell,2022-05-14 16:44:31.378978+00:00
2022-05-14T16:44:22.756201Z,1686546,0.00770900,14809.00000000,buy,2022-05-14 16:44:22.756201+00:00
2022-05-14T16:42:46.11038Z,1686545,0.00770900,389.00000000,buy,2022-05-14 16:42:46.110380+00:00
2022-05-14T16:41:03.136356Z,1686544,0.00770900,8528.00000000,buy,2022-05-14 16:41:03.136356+00:00
2022-05-14T16:39:15.078707Z,1686543,0.00770900,1591.00000000,buy,2022-05-14 16:39:15.078707+00:00
2022-05-14T16:38:42.550873Z,1686542,0.00770900,9458.00000000,buy,2022-05-14 16:38:42.550873+00:00
2022-05-14T16:38:42.550873Z,1686541,0.00771000,12756.00000000,buy,2022-05-14 16:38:42.550873+00:00
2022-05-14T16:37:02.055501Z,1686540,0.00770900,752.00000000,buy,2022-05-14 16:37:02.055501+00:00
2022-05-14T16:36:52.731881Z,1686539,0.00771200,16638.00000000,sell,2022-05-14 16:36:52.731881+00:00
2022-05-14T16:36:52.193331Z,1686538,0.00771200,16638.00000000,sell,2022-05-14 16:36:52.193331+00:00
2022-05-14T16:36:51.797327Z,1686537,0.00771200,16638.00000000,sell,2022-05-14 16:36:51.797327+00:00
2022-05-14T16:36:51.559265Z,1686536,0.00771200,16638.00000000,sell,2022-05-14 16:36:51.559265+00:00
2022-05-14T16:36:51.093486Z,1686535,0.00771200,16638.00000000,sell,2022-05-14 16:36:51.093486+00:00
2022-05-14T16:36:50.837493Z,1686534,0.00771200,16638.00000000,sell,2022-05-14 16:36:50.837493+00:00
2022-05-14T16:36:50.489246Z,1686533,0.00771200,16638.00000000,sell,2022-05-14 16:36:50.489246+00:00
2022-05-14T16:36:49.958886Z,1686532,0.00771200,16638.00000000,sell,2022-05-14 16:36:49.958886+00:00
2022-05-14T16:36:49.497037Z,1686531,0.00771200,16638.00000000,sell,2022-05-14 16:36:49.497037+00:00
2022-05-14T16:36:48.848718Z,1686530,0.00771200,16638.00000000,sell,2022-05-14 16:36:48.848718+00:00
2022-05-14T16:36:48.624986Z,1686529,0.00771200,16638.00000000,sell,2022-05-14 16:36:48.624986+00:00
2022-05-14T16:36:48.332898Z,1686528,0.00771200,16638.00000000,sell,2022-05-14 16:36:48.332898+00:00
2022-05-14T16:36:48.070677Z,1686527,0.00771200,16638.00000000,sell,2022-05-14 16:36:48.070677+00:00
2022-05-14T16:36:47.714326Z,1686526,0.00771200,16638.00000000,sell,2022-05-14 16:36:47.714326+00:00
2022-05-14T16:36:02.86474Z,1686525,0.00771100,8178.00000000,sell,2022-05-14 16:36:02.864740+00:00
2022-05-14T16:35:51.659123Z,1686524,0.00771200,12517.00000000,sell,2022-05-14 16:35:51.659123+00:00
2022-05-14T16:34:40.573459Z,1686523,0.00770900,12520.00000000,buy,2022-05-14 16:34:40.573459+00:00
2022-05-14T16:34:40.573459Z,1686522,0.00771000,3452.00000000,buy,2022-05-14 16:34:40.573459+00:00
2022-05-14T16:29:29.743203Z,1686521,0.00771000,1591.00000000,buy,2022-05-14 16:29:29.743203+00:00
2022-05-14T16:26:30.676098Z,1686520,0.00771000,84.00000000,buy,2022-05-14 16:26:30.676098+00:00
2022-05-14T16:26:09.344179Z,1686519,0.00771000,67.00000000,buy,2022-05-14 16:26:09.344179+00:00
2022-05-14T16:22:27.029115Z,1686518,0.00771000,1406.00000000,buy,2022-05-14 16:22:27.029115+00:00
2022-05-14T16:22:01.174672Z,1686517,0.00771200,517.00000000,sell,2022-05-14 16:22:01.174672+00:00
2022-05-14T16:20:33.618096Z,1686516,0.00771100,9996.00000000,sell,2022-05-14 16:20:33.618096+00:00
2022-05-14T16:20:06.763338Z,1686515,0.00770900,955.00000000,buy,2022-05-14 16:20:06.763338+00:00
2022-05-14T16:18:38.296729Z,1686514,0.00771000,11993.00000000,buy,2022-05-14 16:18:38.296729+00:00
2022-05-14T16:15:49.563031Z,1686513,0.00771200,16638.00000000,sell,2022-05-14 16:15:49.563031+00:00
2022-05-14T16:15:45.062063Z,1686512,0.00771100,17296.00000000,sell,2022-05-14 16:15:45.062063+00:00
2022-05-14T16:15:43.932255Z,1686511,0.00771200,16638.00000000,sell,2022-05-14 16:15:43.932255+00:00
2022-05-14T16:12:12.081348Z,1686510,0.00771000,8944.00000000,sell,2022-05-14 16:12:12.081348+00:00
2022-05-14T16:12:11.787808Z,1686509,0.00771000,8943.00000000,sell,2022-05-14 16:12:11.787808+00:00
2022-05-14T16:11:30.451976Z,1686508,0.00770900,74122.00000000,buy,2022-05-14 16:11:30.451976+00:00
2022-05-14T16:11:30.451976Z,1686507,0.00771000,25500.00000000,buy,2022-05-14 16:11:30.451976+00:00
2022-05-14T16:11:30.451976Z,1686506,0.00771100,8045.00000000,buy,2022-05-14 16:11:30.451976+00:00
2022-05-14T16:10:45.836899Z,1686505,0.00770900,809.00000000,buy,2022-05-14 16:10:45.836899+00:00
2022-05-14T16:09:02.001519Z,1686504,0.00771000,3163.00000000,sell,2022-05-14 16:09:02.001519+00:00
2022-05-14T16:08:42.752934Z,1686503,0.00771000,80000.00000000,buy,2022-05-14 16:08:42.752934+00:00
2022-05-14T16:08:42.752934Z,1686502,0.00771100,9170.00000000,buy,2022-05-14 16:08:42.752934+00:00
2022-05-14T16:08:30.350465Z,1686501,0.00771100,270.00000000,buy,2022-05-14 16:08:30.350465+00:00
2022-05-14T16:06:18.008065Z,1686500,0.00771000,9728.00000000,sell,2022-05-14 16:06:18.008065+00:00
2022-05-14T16:06:17.68082Z,1686499,0.00771000,9727.00000000,sell,2022-05-14 16:06:17.680820+00:00
2022-05-14T16:00:53.254182Z,1686498,0.00770900,7523.00000000,buy,2022-05-14 16:00:53.254182+00:00
2022-05-14T15:59:10.314348Z,1686497,0.00770900,13733.00000000,buy,2022-05-14 15:59:10.314348+00:00
2022-05-14T15:58:58.714204Z,1686496,0.00770900,10250.00000000,buy,2022-05-14 15:58:58.714204+00:00
2022-05-14T15:54:19.710128Z,1686495,0.00771100,1590.00000000,buy,2022-05-14 15:54:19.710128+00:00
2022-05-14T15:53:05.155268Z,1686494,0.00771100,1373.00000000,buy,2022-05-14 15:53:05.155268+00:00
2022-05-14T15:52:59.782236Z,1686493,0.00771000,2135.00000000,buy,2022-05-14 15:52:59.782236+00:00
2022-05-14T15:52:59.782236Z,1686492,0.00771100,2413.00000000,buy,2022-05-14 15:52:59.782236+00:00
2022-05-14T15:52:22.63887Z,1686491,0.00771100,6625.00000000,buy,2022-05-14 15:52:22.638870+00:00
2022-05-14T15:49:14.330919Z,1686490,0.00771000,5272.00000000,buy,2022-05-14 15:49:14.330919+00:00
2022-05-14T15:49:14.330919Z,1686489,0.00771000,7856.00000000,buy,2022-05-14 15:49:14.330919+00:00
2022-05-14T15:48:53.836218Z,1686488,0.00771200,11084.00000000,sell,2022-05-14 15:48:53.836218+00:00
2022-05-14T15:48:53.836218Z,1686487,0.00771100,1323.00000000,sell,2022-05-14 15:48:53.836218+00:00
2022-05-14T15:46:17.957346Z,1686486,0.00771000,7701.00000000,sell,2022-05-14 15:46:17.957346+00:00
2022-05-14T15:46:17.115774Z,1686485,0.00771000,10947.00000000,sell,2022-05-14 15:46:17.115774+00:00
2022-05-14T15:46:16.486008Z,1686484,0.00771000,7284.00000000,sell,2022-05-14 15:46:16.486008+00:00
2022-05-14T15:44:26.195579Z,1686483,0.00770900,554.00000000,buy,2022-05-14 15:44:26.195579+00:00
2022-05-14T15:43:39.002914Z,1686482,0.00770900,1515.00000000,buy,2022-05-14 15:43:39.002914+00:00
2022-05-14T15:42:55.931107Z,1686481,0.00770900,259.00000000,buy,2022-05-14 15:42:55.931107+00:00
2022-05-14T15:42:45.360217Z,1686480,0.00771100,5763.00000000,buy,2022-05-14 15:42:45.360217+00:00
2022-05-14T15:42:42.601761Z,1686479,0.00771100,174.00000000,buy,2022-05-14 15:42:42.601761+00:00
2022-05-14T15:40:58.459034Z,1686478,0.00771100,259.00000000,buy,2022-05-14 15:40:58.459034+00:00
2022-05-14T15:40:56.447952Z,1686477,0.00771100,49.00000000,buy,2022-05-14 15:40:56.447952+00:00
2022-05-14T15:40:18.859954Z,1686476,0.00771200,822.00000000,sell,2022-05-14 15:40:18.859954+00:00
2022-05-14T15:39:16.472892Z,1686475,0.00771100,652.00000000,buy,2022-05-14 15:39:16.472892+00:00
2022-05-14T15:37:57.220898Z,1686474,0.00771000,7702.00000000,buy,2022-05-14 15:37:57.220898+00:00
2022-05-14T15:37:57.220898Z,1686473,0.00771000,4279.00000000,buy,2022-05-14 15:37:57.220898+00:00
2022-05-14T15:36:39.527092Z,1686472,0.00771200,1162.00000000,sell,2022-05-14 15:36:39.527092+00:00
2022-05-14T15:36:30.152319Z,1686471,0.00771000,2163.00000000,buy,2022-05-14 15:36:30.152319+00:00
2022-05-14T15:33:32.03679Z,1686470,0.00771000,220.00000000,buy,2022-05-14 15:33:32.036790+00:00
2022-05-14T15:33:01.307332Z,1686469,0.00771000,235.00000000,buy,2022-05-14 15:33:01.307332+00:00
2022-05-14T15:29:33.277523Z,1686468,0.00771000,1652.00000000,sell,2022-05-14 15:29:33.277523+00:00
2022-05-14T15:29:17.250908Z,1686467,0.00770800,3151.00000000,buy,2022-05-14 15:29:17.250908+00:00
2022-05-14T15:29:11.942095Z,1686466,0.00770900,10431.00000000,buy,2022-05-14 15:29:11.942095+00:00
2022-05-14T15:29:01.033528Z,1686465,0.00770800,431.00000000,buy,2022-05-14 15:29:01.033528+00:00
2022-05-14T15:28:50.997865Z,1686464,0.00770800,128.00000000,buy,2022-05-14 15:28:50.997865+00:00
2022-05-14T15:28:00.638583Z,1686463,0.00770900,6148.00000000,buy,2022-05-14 15:28:00.638583+00:00
2022-05-14T15:28:00.638583Z,1686462,0.00771000,7697.00000000,buy,2022-05-14 15:28:00.638583+00:00
2022-05-14T15:27:51.567562Z,1686461,0.00771000,231.00000000,buy,2022-05-14 15:27:51.567562+00:00
2022-05-14T15:26:35.620438Z,1686460,0.00770900,127.00000000,buy,2022-05-14 15:26:35.620438+00:00
2022-05-14T15:26:00.40279Z,1686459,0.00771000,431.00000000,buy,2022-05-14 15:26:00.402790+00:00
2022-05-14T15:24:47.023626Z,1686458,0.00771000,70.00000000,buy,2022-05-14 15:24:47.023626+00:00
2022-05-14T15:23:41.94977Z,1686457,0.00770900,650.00000000,buy,2022-05-14 15:23:41.949770+00:00
2022-05-14T15:23:35.934916Z,1686456,0.00771100,2581.00000000,sell,2022-05-14 15:23:35.934916+00:00
2022-05-14T15:23:11.900594Z,1686455,0.00770800,3891.00000000,buy,2022-05-14 15:23:11.900594+00:00
2022-05-14T15:23:10.150681Z,1686454,0.00770800,1245.00000000,buy,2022-05-14 15:23:10.150681+00:00
2022-05-14T15:21:12.20981Z,1686453,0.00771100,1278.00000000,sell,2022-05-14 15:21:12.209810+00:00
2022-05-14T15:19:35.112488Z,1686452,0.00770800,64.00000000,buy,2022-05-14 15:19:35.112488+00:00
2022-05-14T15:16:19.460843Z,1686451,0.00771100,1189.00000000,buy,2022-05-14 15:16:19.460843+00:00
2022-05-14T15:16:12.198312Z,1686450,0.00771200,67.00000000,sell,2022-05-14 15:16:12.198312+00:00
2022-05-14T15:14:56.503948Z,1686449,0.00771200,52.00000000,sell,2022-05-14 15:14:56.503948+00:00
2022-05-14T15:14:26.549406Z,1686448,0.00771100,1163.00000000,buy,2022-05-14 15:14:26.549406+00:00
2022-05-14T15:14:11.171058Z,1686447,0.00771100,274.00000000,buy,2022-05-14 15:14:11.171058+00:00
2022-05-14T15:13:48.321443Z,1686446,0.00771100,1038.00000000,buy,2022-05-14 15:13:48.321443+00:00
2022-05-14T15:13:13.730255Z,1686445,0.00770800,228.00000000,buy,2022-05-14 15:13:13.730255+00:00
2022-05-14T15:13:10.823554Z,1686444,0.00771000,12645.00000000,sell,2022-05-14 15:13:10.823554+00:00
2022-05-14T15:13:10.542012Z,1686443,0.00770800,254.00000000,buy,2022-05-14 15:13:10.542012+00:00
2022-05-14T15:13:10.290901Z,1686442,0.00770900,380.00000000,buy,2022-05-14 15:13:10.290901+00:00
2022-05-14T15:13:07.222506Z,1686441,0.00771000,6105.00000000,sell,2022-05-14 15:13:07.222506+00:00
2022-05-14T15:11:29.204457Z,1686440,0.00770800,114.00000000,buy,2022-05-14 15:11:29.204457+00:00
2022-05-14T15:10:56.528716Z,1686439,0.00770800,1297.00000000,buy,2022-05-14 15:10:56.528716+00:00
2022-05-14T15:08:29.431765Z,1686438,0.00770800,26456.00000000,buy,2022-05-14 15:08:29.431765+00:00
2022-05-14T15:08:29.431765Z,1686437,0.00770900,8773.00000000,buy,2022-05-14 15:08:29.431765+00:00
2022-05-14T15:08:21.606986Z,1686436,0.00771000,518.00000000,sell,2022-05-14 15:08:21.606986+00:00
2022-05-14T15:08:03.454694Z,1686435,0.00770800,113.00000000,buy,2022-05-14 15:08:03.454694+00:00
2022-05-14T15:06:53.920966Z,1686434,0.00770800,927.00000000,buy,2022-05-14 15:06:53.920966+00:00
2022-05-14T15:06:50.568572Z,1686433,0.00770900,295.00000000,buy,2022-05-14 15:06:50.568572+00:00
2022-05-14T15:06:50.568572Z,1686432,0.00771000,8085.00000000,buy,2022-05-14 15:06:50.568572+00:00
2022-05-14T15:06:11.701311Z,1686431,0.00770900,130.00000000,buy,2022-05-14 15:06:11.701311+00:00
2022-05-14T15:05:55.709472Z,1686430,0.00770900,4025.00000000,buy,2022-05-14 15:05:55.709472+00:00
2022-05-14T15:05:55.709472Z,1686429,0.00771000,6967.00000000,buy,2022-05-14 15:05:55.709472+00:00
2022-05-14T15:04:48.21476Z,1686428,0.00771000,1000.00000000,buy,2022-05-14 15:04:48.214760+00:00
2022-05-14T15:04:28.098272Z,1686427,0.00770900,1140.00000000,buy,2022-05-14 15:04:28.098272+00:00
2022-05-14T15:02:07.237374Z,1686426,0.00771100,215.00000000,sell,2022-05-14 15:02:07.237374+00:00
2022-05-14T15:02:07.065399Z,1686425,0.00770800,1789.00000000,buy,2022-05-14 15:02:07.065399+00:00
2022-05-14T14:59:09.77472Z,1686424,0.00771100,126.00000000,sell,2022-05-14 14:59:09.774720+00:00
2022-05-14T14:59:06.57325Z,1686423,0.00770900,551.00000000,buy,2022-05-14 14:59:06.573250+00:00
2022-05-14T14:58:31.157934Z,1686422,0.00770900,454.00000000,buy,2022-05-14 14:58:31.157934+00:00
2022-05-14T14:57:46.280217Z,1686421,0.00771100,645.00000000,sell,2022-05-14 14:57:46.280217+00:00
2022-05-14T14:54:39.812647Z,1686420,0.00771200,192.00000000,sell,2022-05-14 14:54:39.812647+00:00
2022-05-14T14:50:49.102636Z,1686419,0.00771200,204.00000000,sell,2022-05-14 14:50:49.102636+00:00
2022-05-14T14:50:33.647608Z,1686418,0.00771000,5576.00000000,buy,2022-05-14 14:50:33.647608+00:00
2022-05-14T14:48:57.728227Z,1686417,0.00771200,22316.00000000,sell,2022-05-14 14:48:57.728227+00:00
2022-05-14T14:48:56.858487Z,1686416,0.00771200,259.00000000,sell,2022-05-14 14:48:56.858487+00:00
2022-05-14T14:48:14.5917Z,1686415,0.00770900,1168.00000000,buy,2022-05-14 14:48:14.591700+00:00
2022-05-14T14:47:23.735504Z,1686414,0.00771000,491.00000000,buy,2022-05-14 14:47:23.735504+00:00
2022-05-14T14:45:57.601843Z,1686413,0.00771000,2368.00000000,buy,2022-05-14 14:45:57.601843+00:00
2022-05-14T14:44:44.657923Z,1686412,0.00770900,135.00000000,buy,2022-05-14 14:44:44.657923+00:00
2022-05-14T14:44:05.935275Z,1686411,0.00770900,1946.00000000,buy,2022-05-14 14:44:05.935275+00:00
2022-05-14T14:43:57.429036Z,1686410,0.00771100,16638.00000000,sell,2022-05-14 14:43:57.429036+00:00
2022-05-14T14:43:56.472889Z,1686409,0.00770900,111.00000000,buy,2022-05-14 14:43:56.472889+00:00
2022-05-14T14:43:55.202731Z,1686408,0.00771100,16638.00000000,sell,2022-05-14 14:43:55.202731+00:00
2022-05-14T14:43:54.72744Z,1686407,0.00771100,16638.00000000,sell,2022-05-14 14:43:54.727440+00:00
2022-05-14T14:43:53.671492Z,1686406,0.00771100,16638.00000000,sell,2022-05-14 14:43:53.671492+00:00
2022-05-14T14:43:52.531386Z,1686405,0.00771100,16638.00000000,sell,2022-05-14 14:43:52.531386+00:00
2022-05-14T14:43:51.87732Z,1686404,0.00771100,16638.00000000,sell,2022-05-14 14:43:51.877320+00:00
2022-05-14T14:43:51.473089Z,1686403,0.00771100,16638.00000000,sell,2022-05-14 14:43:51.473089+00:00
2022-05-14T14:43:50.871502Z,1686402,0.00771100,16638.00000000,sell,2022-05-14 14:43:50.871502+00:00
2022-05-14T14:43:50.408906Z,1686401,0.00771100,16638.00000000,sell,2022-05-14 14:43:50.408906+00:00
2022-05-14T14:41:52.869252Z,1686400,0.00770800,209.00000000,buy,2022-05-14 14:41:52.869252+00:00
2022-05-14T14:40:51.60034Z,1686399,0.00771100,645.00000000,sell,2022-05-14 14:40:51.600340+00:00
2022-05-14T14:39:04.453083Z,1686398,0.00770800,873.00000000,buy,2022-05-14 14:39:04.453083+00:00
2022-05-14T14:38:43.054698Z,1686397,0.00771100,4321.00000000,sell,2022-05-14 14:38:43.054698+00:00
2022-05-14T14:38:36.56882Z,1686396,0.00770800,107.00000000,buy,2022-05-14 14:38:36.568820+00:00
2022-05-14T14:34:18.923548Z,1686395,0.00771200,1271.00000000,sell,2022-05-14 14:34:18.923548+00:00
2022-05-14T14:32:55.022172Z,1686394,0.00771200,1163.00000000,sell,2022-05-14 14:32:55.022172+00:00
2022-05-14T14:32:39.919364Z,1686393,0.00770900,6213.00000000,buy,2022-05-14 14:32:39.919364+00:00
2022-05-14T14:27:33.859415Z,1686392,0.00770900,3170.00000000,buy,2022-05-14 14:27:33.859415+00:00
2022-05-14T14:27:17.454238Z,1686391,0.00771200,517.00000000,sell,2022-05-14 14:27:17.454238+00:00
2022-05-14T14:24:18.546193Z,1686390,0.00770900,11191.00000000,buy,2022-05-14 14:24:18.546193+00:00
2022-05-14T14:23:00.172975Z,1686389,0.00770900,53.00000000,buy,2022-05-14 14:23:00.172975+00:00
2022-05-14T14:20:13.356532Z,1686388,0.00770900,5249.00000000,buy,2022-05-14 14:20:13.356532+00:00
2022-05-14T14:18:28.812185Z,1686387,0.00770900,1548.00000000,buy,2022-05-14 14:18:28.812185+00:00
2022-05-14T14:18:10.705734Z,1686386,0.00771200,2929.00000000,sell,2022-05-14 14:18:10.705734+00:00
2022-05-14T14:11:06.165016Z,1686385,0.00770900,12798.00000000,buy,2022-05-14 14:11:06.165016+00:00
2022-05-14T14:11:06.165016Z,1686384,0.00771000,12500.00000000,buy,2022-05-14 14:11:06.165016+00:00
2022-05-14T14:10:24.564626Z,1686383,0.00770900,820.00000000,buy,2022-05-14 14:10:24.564626+00:00
2022-05-14T14:10:19.307937Z,1686382,0.00771000,469.00000000,buy,2022-05-14 14:10:19.307937+00:00
2022-05-14T14:09:19.455989Z,1686381,0.00771000,2386.00000000,buy,2022-05-14 14:09:19.455989+00:00
2022-05-14T14:07:32.804903Z,1686380,0.00771200,1162.00000000,sell,2022-05-14 14:07:32.804903+00:00
2022-05-14T14:06:58.508525Z,1686379,0.00771200,52.00000000,sell,2022-05-14 14:06:58.508525+00:00
2022-05-14T14:05:38.241574Z,1686378,0.00771100,128.00000000,sell,2022-05-14 14:05:38.241574+00:00
2022-05-14T14:03:40.664475Z,1686377,0.00771100,1163.00000000,sell,2022-05-14 14:03:40.664475+00:00
2022-05-14T13:56:34.939262Z,1686376,0.00771000,248.00000000,buy,2022-05-14 13:56:34.939262+00:00
2022-05-14T13:54:33.940293Z,1686375,0.00771100,6195.00000000,sell,2022-05-14 13:54:33.940293+00:00
2022-05-14T13:54:31.581949Z,1686374,0.00770800,1591.00000000,buy,2022-05-14 13:54:31.581949+00:00
2022-05-14T13:53:57.038569Z,1686373,0.00770800,23104.00000000,buy,2022-05-14 13:53:57.038569+00:00
2022-05-14T13:53:06.43155Z,1686372,0.00771100,6195.00000000,sell,2022-05-14 13:53:06.431550+00:00
2022-05-14T13:49:39.331355Z,1686371,0.00770800,5580.00000000,buy,2022-05-14 13:49:39.331355+00:00
2022-05-14T13:46:25.72338Z,1686370,0.00771200,1448.00000000,sell,2022-05-14 13:46:25.723380+00:00
2022-05-14T13:45:41.054884Z,1686369,0.00771000,322.00000000,buy,2022-05-14 13:45:41.054884+00:00
2022-05-14T13:44:41.99309Z,1686368,0.00770900,65815.00000000,sell,2022-05-14 13:44:41.993090+00:00
2022-05-14T13:40:45.204485Z,1686367,0.00770800,339.00000000,buy,2022-05-14 13:40:45.204485+00:00
2022-05-14T13:40:03.471869Z,1686366,0.00770900,518.00000000,sell,2022-05-14 13:40:03.471869+00:00
2022-05-14T13:38:40.094411Z,1686365,0.00770800,195.00000000,buy,2022-05-14 13:38:40.094411+00:00
2022-05-14T13:34:43.197866Z,1686364,0.00770800,9505.00000000,buy,2022-05-14 13:34:43.197866+00:00
2022-05-14T13:30:58.85514Z,1686363,0.00770800,3215.00000000,buy,2022-05-14 13:30:58.855140+00:00
2022-05-14T13:29:55.808602Z,1686362,0.00770800,1563.00000000,buy,2022-05-14 13:29:55.808602+00:00
2022-05-14T13:25:35.322783Z,1686361,0.00770900,234.00000000,buy,2022-05-14 13:25:35.322783+00:00
2022-05-14T13:25:34.038028Z,1686360,0.00770900,49.00000000,buy,2022-05-14 13:25:34.038028+00:00
2022-05-14T13:25:28.350411Z,1686359,0.00770800,20035.00000000,buy,2022-05-14 13:25:28.350411+00:00
2022-05-14T13:23:00.334159Z,1686358,0.00771100,2389.00000000,sell,2022-05-14 13:23:00.334159+00:00
2022-05-14T13:19:44.200122Z,1686357,0.00771200,71681.00000000,sell,2022-05-14 13:19:44.200122+00:00
2022-05-14T13:17:29.375624Z,1686356,0.00770900,1845.00000000,buy,2022-05-14 13:17:29.375624+00:00
2022-05-14T13:16:44.031509Z,1686355,0.00770900,49.00000000,buy,2022-05-14 13:16:44.031509+00:00
2022-05-14T13:16:12.353006Z,1686354,0.00770900,49.00000000,buy,2022-05-14 13:16:12.353006+00:00
2022-05-14T13:15:40.929259Z,1686353,0.00770900,49.00000000,buy,2022-05-14 13:15:40.929259+00:00
2022-05-14T13:15:08.534342Z,1686352,0.00770900,49.00000000,buy,2022-05-14 13:15:08.534342+00:00
2022-05-14T13:13:07.613485Z,1686351,0.00770900,789.00000000,buy,2022-05-14 13:13:07.613485+00:00
2022-05-14T13:10:15.968599Z,1686350,0.00770900,906.00000000,buy,2022-05-14 13:10:15.968599+00:00
2022-05-14T13:09:50.97123Z,1686349,0.00770900,49.00000000,buy,2022-05-14 13:09:50.971230+00:00
2022-05-14T13:09:33.603002Z,1686348,0.00771200,1743.00000000,sell,2022-05-14 13:09:33.603002+00:00
2022-05-14T13:09:23.346323Z,1686347,0.00770900,49.00000000,buy,2022-05-14 13:09:23.346323+00:00
2022-05-14T13:08:53.296009Z,1686346,0.00771200,144.00000000,sell,2022-05-14 13:08:53.296009+00:00
2022-05-14T13:08:44.924924Z,1686345,0.00770900,49.00000000,buy,2022-05-14 13:08:44.924924+00:00
2022-05-14T13:08:08.28312Z,1686344,0.00770900,144.00000000,buy,2022-05-14 13:08:08.283120+00:00
2022-05-14T13:07:55.876661Z,1686343,0.00770900,167.00000000,buy,2022-05-14 13:07:55.876661+00:00
2022-05-14T13:07:44.568463Z,1686342,0.00770900,1632.00000000,buy,2022-05-14 13:07:44.568463+00:00
2022-05-14T13:07:01.105515Z,1686341,0.00770900,2386.00000000,buy,2022-05-14 13:07:01.105515+00:00
2022-05-14T13:06:14.307598Z,1686340,0.00770900,49.00000000,buy,2022-05-14 13:06:14.307598+00:00
2022-05-14T13:05:33.421263Z,1686339,0.00770900,100.00000000,buy,2022-05-14 13:05:33.421263+00:00
2022-05-14T13:04:56.565369Z,1686338,0.00770900,16818.00000000,buy,2022-05-14 13:04:56.565369+00:00
2022-05-14T13:00:15.359362Z,1686337,0.00770800,2917.00000000,buy,2022-05-14 13:00:15.359362+00:00
2022-05-14T12:57:46.311826Z,1686336,0.00770800,87.00000000,buy,2022-05-14 12:57:46.311826+00:00
2022-05-14T12:57:25.911622Z,1686335,0.00770800,2350.00000000,buy,2022-05-14 12:57:25.911622+00:00
2022-05-14T12:57:05.095549Z,1686334,0.00770800,100.00000000,buy,2022-05-14 12:57:05.095549+00:00
2022-05-14T12:55:09.199949Z,1686333,0.00770800,2876.00000000,buy,2022-05-14 12:55:09.199949+00:00
2022-05-14T12:54:27.856074Z,1686332,0.00770800,939.00000000,buy,2022-05-14 12:54:27.856074+00:00
2022-05-14T12:52:25.594224Z,1686331,0.00770700,58754.00000000,buy,2022-05-14 12:52:25.594224+00:00
2022-05-14T12:52:25.594224Z,1686330,0.00770800,500.00000000,buy,2022-05-14 12:52:25.594224+00:00
2022-05-14T12:50:35.967426Z,1686329,0.00770800,5577.00000000,buy,2022-05-14 12:50:35.967426+00:00
2022-05-14T12:50:15.178089Z,1686328,0.00770700,2201.00000000,buy,2022-05-14 12:50:15.178089+00:00
2022-05-14T12:50:15.178089Z,1686327,0.00770800,2000.00000000,buy,2022-05-14 12:50:15.178089+00:00
2022-05-14T12:48:16.24206Z,1686326,0.00771100,6213.00000000,sell,2022-05-14 12:48:16.242060+00:00
2022-05-14T12:46:23.608674Z,1686325,0.00770800,1747.00000000,buy,2022-05-14 12:46:23.608674+00:00
2022-05-14T12:45:21.018316Z,1686324,0.00770800,7915.00000000,buy,2022-05-14 12:45:21.018316+00:00
2022-05-14T12:43:39.208291Z,1686323,0.00770800,8612.00000000,buy,2022-05-14 12:43:39.208291+00:00
2022-05-14T12:42:57.272302Z,1686322,0.00770800,53.00000000,buy,2022-05-14 12:42:57.272302+00:00
2022-05-14T12:42:32.742147Z,1686321,0.00771100,8585.00000000,sell,2022-05-14 12:42:32.742147+00:00
2022-05-14T12:38:30.537499Z,1686320,0.00771200,87.00000000,sell,2022-05-14 12:38:30.537499+00:00
2022-05-14T12:37:53.576958Z,1686319,0.00771000,1190.00000000,buy,2022-05-14 12:37:53.576958+00:00
2022-05-14T12:33:57.830826Z,1686318,0.00770900,21873.00000000,buy,2022-05-14 12:33:57.830826+00:00
2022-05-14T12:33:21.650394Z,1686317,0.00770900,1587.00000000,buy,2022-05-14 12:33:21.650394+00:00
2022-05-14T12:31:56.205919Z,1686316,0.00770900,1007.00000000,buy,2022-05-14 12:31:56.205919+00:00
2022-05-14T12:29:30.044427Z,1686315,0.00770900,4720.00000000,buy,2022-05-14 12:29:30.044427+00:00
2022-05-14T12:28:01.73641Z,1686314,0.00771100,12970.00000000,sell,2022-05-14 12:28:01.736410+00:00
2022-05-14T12:27:16.714428Z,1686313,0.00770900,12970.00000000,buy,2022-05-14 12:27:16.714428+00:00
2022-05-14T12:26:17.542608Z,1686312,0.00770900,3698.00000000,buy,2022-05-14 12:26:17.542608+00:00
2022-05-14T12:23:45.117862Z,1686311,0.00770900,20858.00000000,buy,2022-05-14 12:23:45.117862+00:00
2022-05-14T12:22:21.548985Z,1686310,0.00770900,5843.00000000,buy,2022-05-14 12:22:21.548985+00:00
2022-05-14T12:21:32.473948Z,1686309,0.00770900,1986.00000000,buy,2022-05-14 12:21:32.473948+00:00
2022-05-14T12:19:33.254799Z,1686308,0.00770900,1911.00000000,buy,2022-05-14 12:19:33.254799+00:00
2022-05-14T12:19:27.853373Z,1686307,0.00770900,308.00000000,buy,2022-05-14 12:19:27.853373+00:00
2022-05-14T12:19:00.376519Z,1686306,0.00770900,388.00000000,buy,2022-05-14 12:19:00.376519+00:00
2022-05-14T12:18:02.362407Z,1686305,0.00770900,126.00000000,buy,2022-05-14 12:18:02.362407+00:00
2022-05-14T12:14:49.703414Z,1686304,0.00770900,1927.00000000,buy,2022-05-14 12:14:49.703414+00:00
2022-05-14T12:14:01.694202Z,1686303,0.00770900,21760.00000000,buy,2022-05-14 12:14:01.694202+00:00
2022-05-14T12:11:39.49445Z,1686302,0.00770900,1964.00000000,buy,2022-05-14 12:11:39.494450+00:00
2022-05-14T12:08:42.813049Z,1686301,0.00770900,3341.00000000,buy,2022-05-14 12:08:42.813049+00:00
2022-05-14T12:06:51.345716Z,1686300,0.00771200,12904.00000000,sell,2022-05-14 12:06:51.345716+00:00
2022-05-14T12:06:11.966321Z,1686299,0.00770900,77310.00000000,buy,2022-05-14 12:06:11.966321+00:00
2022-05-14T12:04:59.085832Z,1686298,0.00771200,935.00000000,sell,2022-05-14 12:04:59.085832+00:00
2022-05-14T12:04:59.085832Z,1686297,0.00771200,10071.00000000,sell,2022-05-14 12:04:59.085832+00:00
2022-05-14T12:03:39.742088Z,1686296,0.00770900,507.00000000,buy,2022-05-14 12:03:39.742088+00:00
2022-05-14T12:03:31.050957Z,1686295,0.00770900,4878.00000000,buy,2022-05-14 12:03:31.050957+00:00
2022-05-14T12:01:05.088561Z,1686294,0.00771100,63.00000000,sell,2022-05-14 12:01:05.088561+00:00
2022-05-14T12:00:14.360665Z,1686293,0.00771200,1356.00000000,sell,2022-05-14 12:00:14.360665+00:00
2022-05-14T11:58:26.243118Z,1686292,0.00770900,11473.00000000,buy,2022-05-14 11:58:26.243118+00:00
2022-05-14T11:58:06.770138Z,1686291,0.00770900,2386.00000000,buy,2022-05-14 11:58:06.770138+00:00
2022-05-14T11:55:53.306364Z,1686290,0.00770900,459.00000000,buy,2022-05-14 11:55:53.306364+00:00
2022-05-14T11:55:46.237263Z,1686289,0.00771200,164.00000000,sell,2022-05-14 11:55:46.237263+00:00
2022-05-14T11:55:31.84134Z,1686288,0.00770900,44423.00000000,buy,2022-05-14 11:55:31.841340+00:00
2022-05-14T11:54:41.803888Z,1686287,0.00770900,94619.00000000,buy,2022-05-14 11:54:41.803888+00:00
2022-05-14T11:53:11.02107Z,1686286,0.00770900,1754.00000000,buy,2022-05-14 11:53:11.021070+00:00
2022-05-14T11:52:23.2288Z,1686285,0.00770900,10659.00000000,buy,2022-05-14 11:52:23.228800+00:00
2022-05-14T11:51:47.289756Z,1686284,0.00770900,85693.00000000,buy,2022-05-14 11:51:47.289756+00:00
2022-05-14T11:51:47.289756Z,1686283,0.00771000,44000.00000000,buy,2022-05-14 11:51:47.289756+00:00
2022-05-14T11:50:52.293264Z,1686282,0.00770900,114.00000000,buy,2022-05-14 11:50:52.293264+00:00
2022-05-14T11:49:55.070208Z,1686281,0.00770900,1612.00000000,buy,2022-05-14 11:49:55.070208+00:00
2022-05-14T11:48:25.891295Z,1686280,0.00771000,1612.00000000,buy,2022-05-14 11:48:25.891295+00:00
2022-05-14T11:48:12.911772Z,1686279,0.00770900,1796.00000000,buy,2022-05-14 11:48:12.911772+00:00
2022-05-14T11:47:42.588182Z,1686278,0.00771000,2768.00000000,buy,2022-05-14 11:47:42.588182+00:00
2022-05-14T11:47:33.749866Z,1686277,0.00771000,303.00000000,buy,2022-05-14 11:47:33.749866+00:00
2022-05-14T11:47:23.139355Z,1686276,0.00771200,548.00000000,sell,2022-05-14 11:47:23.139355+00:00
2022-05-14T11:46:51.779321Z,1686275,0.00771200,1227.00000000,sell,2022-05-14 11:46:51.779321+00:00
2022-05-14T11:45:59.770817Z,1686274,0.00771000,11002.00000000,buy,2022-05-14 11:45:59.770817+00:00
2022-05-14T11:45:41.374336Z,1686273,0.00771000,4221.00000000,buy,2022-05-14 11:45:41.374336+00:00
2022-05-14T11:43:12.834039Z,1686272,0.00770900,389.00000000,buy,2022-05-14 11:43:12.834039+00:00
2022-05-14T11:42:02.737862Z,1686271,0.00770900,135.00000000,buy,2022-05-14 11:42:02.737862+00:00
2022-05-14T11:41:53.225159Z,1686270,0.00770900,3288.00000000,buy,2022-05-14 11:41:53.225159+00:00
2022-05-14T11:41:17.791129Z,1686269,0.00771000,5850.00000000,buy,2022-05-14 11:41:17.791129+00:00
2022-05-14T11:39:29.757749Z,1686268,0.00771100,16638.00000000,sell,2022-05-14 11:39:29.757749+00:00
2022-05-14T11:39:25.593655Z,1686267,0.00771100,7182.00000000,sell,2022-05-14 11:39:25.593655+00:00
2022-05-14T11:39:25.235067Z,1686266,0.00771100,16638.00000000,sell,2022-05-14 11:39:25.235067+00:00
2022-05-14T11:39:24.317569Z,1686265,0.00771100,16638.00000000,sell,2022-05-14 11:39:24.317569+00:00
2022-05-14T11:39:23.797844Z,1686264,0.00771100,16638.00000000,sell,2022-05-14 11:39:23.797844+00:00
2022-05-14T11:39:23.322004Z,1686263,0.00771100,16638.00000000,sell,2022-05-14 11:39:23.322004+00:00
2022-05-14T11:39:22.765364Z,1686262,0.00771100,16638.00000000,sell,2022-05-14 11:39:22.765364+00:00
2022-05-14T11:39:22.366095Z,1686261,0.00771100,16638.00000000,sell,2022-05-14 11:39:22.366095+00:00
2022-05-14T11:39:21.908821Z,1686260,0.00771100,16638.00000000,sell,2022-05-14 11:39:21.908821+00:00
2022-05-14T11:39:21.620451Z,1686259,0.00771100,16638.00000000,sell,2022-05-14 11:39:21.620451+00:00
2022-05-14T11:39:20.829728Z,1686258,0.00771100,16638.00000000,sell,2022-05-14 11:39:20.829728+00:00
2022-05-14T11:39:20.463234Z,1686257,0.00771100,16638.00000000,sell,2022-05-14 11:39:20.463234+00:00
2022-05-14T11:39:20.040692Z,1686256,0.00771100,16638.00000000,sell,2022-05-14 11:39:20.040692+00:00
2022-05-14T11:39:19.684665Z,1686255,0.00771100,16638.00000000,sell,2022-05-14 11:39:19.684665+00:00
2022-05-14T11:39:19.259983Z,1686254,0.00771100,16638.00000000,sell,2022-05-14 11:39:19.259983+00:00
2022-05-14T11:38:28.921639Z,1686253,0.00770900,5188.00000000,buy,2022-05-14 11:38:28.921639+00:00
2022-05-14T11:36:18.909424Z,1686252,0.00771100,125.00000000,sell,2022-05-14 11:36:18.909424+00:00
2022-05-14T11:35:07.576121Z,1686251,0.00771100,563.00000000,sell,2022-05-14 11:35:07.576121+00:00
2022-05-14T11:33:23.395679Z,1686250,0.00771100,85.00000000,sell,2022-05-14 11:33:23.395679+00:00
2022-05-14T11:31:06.003527Z,1686249,0.00770900,2778.00000000,buy,2022-05-14 11:31:06.003527+00:00
2022-05-14T11:30:17.238288Z,1686248,0.00770900,8274.00000000,buy,2022-05-14 11:30:17.238288+00:00
2022-05-14T11:30:09.631498Z,1686247,0.00770900,3191.00000000,buy,2022-05-14 11:30:09.631498+00:00
2022-05-14T11:27:20.217504Z,1686246,0.00771100,1598.00000000,sell,2022-05-14 11:27:20.217504+00:00
2022-05-14T11:27:20.217504Z,1686245,0.00771000,70.00000000,sell,2022-05-14 11:27:20.217504+00:00
2022-05-14T11:24:36.526553Z,1686244,0.00771100,1684.00000000,sell,2022-05-14 11:24:36.526553+00:00
2022-05-14T11:23:54.096219Z,1686243,0.00771100,1691.00000000,sell,2022-05-14 11:23:54.096219+00:00
2022-05-14T11:23:36.155347Z,1686242,0.00770900,6932.00000000,buy,2022-05-14 11:23:36.155347+00:00
2022-05-14T11:22:27.879348Z,1686241,0.00770900,1750.00000000,buy,2022-05-14 11:22:27.879348+00:00
2022-05-14T11:22:01.703447Z,1686240,0.00770900,42962.00000000,buy,2022-05-14 11:22:01.703447+00:00
2022-05-14T11:20:15.552632Z,1686239,0.00770900,1750.00000000,buy,2022-05-14 11:20:15.552632+00:00
2022-05-14T11:19:30.824152Z,1686238,0.00771100,1163.00000000,sell,2022-05-14 11:19:30.824152+00:00
2022-05-14T11:17:25.297351Z,1686237,0.00771100,49.00000000,sell,2022-05-14 11:17:25.297351+00:00
2022-05-14T11:17:09.047601Z,1686236,0.00771100,1163.00000000,sell,2022-05-14 11:17:09.047601+00:00
2022-05-14T11:16:41.274073Z,1686235,0.00771100,122.00000000,sell,2022-05-14 11:16:41.274073+00:00
2022-05-14T11:15:53.2084Z,1686234,0.00771100,746.00000000,sell,2022-05-14 11:15:53.208400+00:00
2022-05-14T11:15:00.32447Z,1686233,0.00770900,259.00000000,buy,2022-05-14 11:15:00.324470+00:00
2022-05-14T11:14:18.256623Z,1686232,0.00771100,3783.00000000,sell,2022-05-14 11:14:18.256623+00:00
2022-05-14T11:14:14.044172Z,1686231,0.00770900,6060.00000000,buy,2022-05-14 11:14:14.044172+00:00
2022-05-14T11:13:07.981626Z,1686230,0.00770900,1494.00000000,buy,2022-05-14 11:13:07.981626+00:00
2022-05-14T11:12:18.077162Z,1686229,0.00770900,62579.00000000,buy,2022-05-14 11:12:18.077162+00:00
2022-05-14T11:12:13.978726Z,1686228,0.00770900,266.00000000,sell,2022-05-14 11:12:13.978726+00:00
2022-05-14T11:10:17.688493Z,1686227,0.00771000,20858.00000000,sell,2022-05-14 11:10:17.688493+00:00
2022-05-14T11:08:05.266888Z,1686226,0.00770700,1750.00000000,buy,2022-05-14 11:08:05.266888+00:00
2022-05-14T11:06:36.398417Z,1686225,0.00770800,1011.00000000,buy,2022-05-14 11:06:36.398417+00:00
2022-05-14T11:06:08.668936Z,1686224,0.00771000,16242.00000000,sell,2022-05-14 11:06:08.668936+00:00
2022-05-14T11:05:14.416039Z,1686223,0.00770700,270.00000000,buy,2022-05-14 11:05:14.416039+00:00
2022-05-14T11:00:21.627008Z,1686222,0.00770700,1300.00000000,buy,2022-05-14 11:00:21.627008+00:00
2022-05-14T11:00:06.415163Z,1686221,0.00770700,58.00000000,buy,2022-05-14 11:00:06.415163+00:00
2022-05-14T10:57:32.714584Z,1686220,0.00770800,342.00000000,buy,2022-05-14 10:57:32.714584+00:00
2022-05-14T10:55:20.486981Z,1686219,0.00770700,134.00000000,buy,2022-05-14 10:55:20.486981+00:00
2022-05-14T10:54:29.203359Z,1686218,0.00770700,619.00000000,buy,2022-05-14 10:54:29.203359+00:00
2022-05-14T10:54:01.518864Z,1686217,0.00771000,707.00000000,sell,2022-05-14 10:54:01.518864+00:00
2022-05-14T10:52:48.066644Z,1686216,0.00770800,97457.00000000,buy,2022-05-14 10:52:48.066644+00:00
2022-05-14T10:50:39.003471Z,1686215,0.00770800,72.00000000,buy,2022-05-14 10:50:39.003471+00:00
2022-05-14T10:49:08.061768Z,1686214,0.00770800,1591.00000000,buy,2022-05-14 10:49:08.061768+00:00
2022-05-14T10:48:22.5495Z,1686213,0.00770800,158.00000000,buy,2022-05-14 10:48:22.549500+00:00
2022-05-14T10:44:36.269805Z,1686212,0.00770800,526.00000000,buy,2022-05-14 10:44:36.269805+00:00
2022-05-14T10:43:25.825807Z,1686211,0.00770800,1154.00000000,buy,2022-05-14 10:43:25.825807+00:00
2022-05-14T10:43:06.833871Z,1686210,0.00770800,48064.00000000,buy,2022-05-14 10:43:06.833871+00:00
2022-05-14T10:42:48.270171Z,1686209,0.00770800,155.00000000,buy,2022-05-14 10:42:48.270171+00:00
2022-05-14T10:42:17.254688Z,1686208,0.00770800,266.00000000,buy,2022-05-14 10:42:17.254688+00:00
2022-05-14T10:40:02.264954Z,1686207,0.00770800,419.00000000,buy,2022-05-14 10:40:02.264954+00:00
2022-05-14T10:38:11.60501Z,1686206,0.00770800,233.00000000,buy,2022-05-14 10:38:11.605010+00:00
2022-05-14T10:37:39.463443Z,1686205,0.00770800,56.00000000,buy,2022-05-14 10:37:39.463443+00:00
2022-05-14T10:36:20.075349Z,1686204,0.00770800,6375.00000000,buy,2022-05-14 10:36:20.075349+00:00
2022-05-14T10:35:25.992031Z,1686203,0.00770800,9018.00000000,buy,2022-05-14 10:35:25.992031+00:00
2022-05-14T10:32:12.120831Z,1686202,0.00770800,131.00000000,buy,2022-05-14 10:32:12.120831+00:00
2022-05-14T10:25:43.988086Z,1686201,0.00770800,4961.00000000,buy,2022-05-14 10:25:43.988086+00:00
2022-05-14T10:24:52.864318Z,1686200,0.00770800,821.00000000,buy,2022-05-14 10:24:52.864318+00:00
2022-05-14T10:23:55.954879Z,1686199,0.00770800,649.00000000,buy,2022-05-14 10:23:55.954879+00:00
2022-05-14T10:23:30.663658Z,1686198,0.00770800,3147.00000000,buy,2022-05-14 10:23:30.663658+00:00
2022-05-14T10:23:08.436656Z,1686197,0.00770800,649.00000000,buy,2022-05-14 10:23:08.436656+00:00
2022-05-14T10:21:11.336085Z,1686196,0.00770800,620.00000000,buy,2022-05-14 10:21:11.336085+00:00
2022-05-14T10:19:09.37833Z,1686195,0.00770900,60224.00000000,buy,2022-05-14 10:19:09.378330+00:00
2022-05-14T10:19:09.37833Z,1686194,0.00770900,103857.00000000,buy,2022-05-14 10:19:09.378330+00:00
2022-05-14T10:14:03.569807Z,1686193,0.00770900,113.00000000,buy,2022-05-14 10:14:03.569807+00:00
2022-05-14T10:13:08.99282Z,1686192,0.00770900,4742.00000000,buy,2022-05-14 10:13:08.992820+00:00
2022-05-14T10:12:48.023745Z,1686191,0.00770900,2431.00000000,buy,2022-05-14 10:12:48.023745+00:00
2022-05-14T10:11:57.619356Z,1686190,0.00770900,6180.00000000,buy,2022-05-14 10:11:57.619356+00:00
2022-05-14T10:11:01.596362Z,1686189,0.00770900,389.00000000,buy,2022-05-14 10:11:01.596362+00:00
2022-05-14T10:08:29.754149Z,1686188,0.00770900,119.00000000,buy,2022-05-14 10:08:29.754149+00:00
2022-05-14T10:08:19.569364Z,1686187,0.00770900,37611.00000000,buy,2022-05-14 10:08:19.569364+00:00
2022-05-14T10:04:14.269943Z,1686186,0.00770900,20798.00000000,buy,2022-05-14 10:04:14.269943+00:00
2022-05-14T10:01:14.752226Z,1686185,0.00770900,2001.00000000,buy,2022-05-14 10:01:14.752226+00:00
2022-05-14T10:00:42.097449Z,1686184,0.00770900,15285.00000000,buy,2022-05-14 10:00:42.097449+00:00
2022-05-14T10:00:06.2518Z,1686183,0.00771200,404.00000000,sell,2022-05-14 10:00:06.251800+00:00
2022-05-14T09:59:43.011233Z,1686182,0.00771200,64.00000000,sell,2022-05-14 09:59:43.011233+00:00
2022-05-14T09:59:42.393884Z,1686181,0.00770900,270.00000000,buy,2022-05-14 09:59:42.393884+00:00
2022-05-14T09:56:31.522722Z,1686180,0.00770900,403.00000000,buy,2022-05-14 09:56:31.522722+00:00
2022-05-14T09:55:17.879396Z,1686179,0.00770900,142.00000000,buy,2022-05-14 09:55:17.879396+00:00
2022-05-14T09:54:26.754722Z,1686178,0.00771200,627.00000000,sell,2022-05-14 09:54:26.754722+00:00
2022-05-14T09:51:55.998651Z,1686177,0.00770900,14036.00000000,buy,2022-05-14 09:51:55.998651+00:00
2022-05-14T09:50:11.570508Z,1686176,0.00771200,12902.00000000,sell,2022-05-14 09:50:11.570508+00:00
2022-05-14T09:49:35.922333Z,1686175,0.00771200,2534.00000000,sell,2022-05-14 09:49:35.922333+00:00
2022-05-14T09:45:29.361296Z,1686174,0.00771300,378.00000000,sell,2022-05-14 09:45:29.361296+00:00
2022-05-14T09:44:53.144305Z,1686173,0.00771000,405.00000000,buy,2022-05-14 09:44:53.144305+00:00
2022-05-14T09:42:17.504705Z,1686172,0.00771000,204.00000000,buy,2022-05-14 09:42:17.504705+00:00
2022-05-14T09:41:49.327792Z,1686171,0.00771000,2585.00000000,buy,2022-05-14 09:41:49.327792+00:00
2022-05-14T09:40:37.163696Z,1686170,0.00771000,3658.00000000,buy,2022-05-14 09:40:37.163696+00:00
2022-05-14T09:39:26.624636Z,1686169,0.00771000,1297.00000000,buy,2022-05-14 09:39:26.624636+00:00
2022-05-14T09:38:34.603302Z,1686168,0.00771000,1289.00000000,buy,2022-05-14 09:38:34.603302+00:00
2022-05-14T09:37:27.271Z,1686167,0.00771000,33934.00000000,buy,2022-05-14 09:37:27.271000+00:00
2022-05-14T09:37:25.738301Z,1686166,0.00771300,517.00000000,sell,2022-05-14 09:37:25.738301+00:00
2022-05-14T09:34:58.047329Z,1686165,0.00771300,20798.00000000,sell,2022-05-14 09:34:58.047329+00:00
2022-05-14T09:34:44.046716Z,1686164,0.00771000,134884.00000000,buy,2022-05-14 09:34:44.046716+00:00
2022-05-14T09:34:44.046716Z,1686163,0.00771100,38500.00000000,buy,2022-05-14 09:34:44.046716+00:00
2022-05-14T09:33:16.944282Z,1686162,0.00771000,1210.00000000,buy,2022-05-14 09:33:16.944282+00:00
2022-05-14T09:32:59.513747Z,1686161,0.00771000,6796.00000000,buy,2022-05-14 09:32:59.513747+00:00
2022-05-14T09:32:36.17885Z,1686160,0.00771100,6448.00000000,buy,2022-05-14 09:32:36.178850+00:00
2022-05-14T09:29:58.917188Z,1686159,0.00770900,18852.00000000,buy,2022-05-14 09:29:58.917188+00:00
2022-05-14T09:28:51.040821Z,1686158,0.00771000,476.00000000,buy,2022-05-14 09:28:51.040821+00:00
2022-05-14T09:28:44.949792Z,1686157,0.00771200,10581.00000000,sell,2022-05-14 09:28:44.949792+00:00
2022-05-14T09:26:56.846312Z,1686156,0.00771200,179.00000000,sell,2022-05-14 09:26:56.846312+00:00
2022-05-14T09:26:52.819426Z,1686155,0.00770900,3058.00000000,buy,2022-05-14 09:26:52.819426+00:00
2022-05-14T09:26:50.138346Z,1686154,0.00770900,10332.00000000,buy,2022-05-14 09:26:50.138346+00:00
2022-05-14T09:26:48.845757Z,1686153,0.00770900,278.00000000,buy,2022-05-14 09:26:48.845757+00:00
2022-05-14T09:26:15.496275Z,1686152,0.00771200,18852.00000000,sell,2022-05-14 09:26:15.496275+00:00
2022-05-14T09:23:30.87329Z,1686151,0.00770900,197.00000000,buy,2022-05-14 09:23:30.873290+00:00
2022-05-14T09:22:33.968633Z,1686150,0.00770900,9039.00000000,buy,2022-05-14 09:22:33.968633+00:00
2022-05-14T09:22:10.007317Z,1686149,0.00770900,17749.00000000,buy,2022-05-14 09:22:10.007317+00:00
2022-05-14T09:21:35.793117Z,1686148,0.00771200,1321.00000000,sell,2022-05-14 09:21:35.793117+00:00
2022-05-14T09:18:57.742073Z,1686147,0.00770900,648.00000000,buy,2022-05-14 09:18:57.742073+00:00
2022-05-14T09:15:53.464193Z,1686146,0.00770900,675.00000000,buy,2022-05-14 09:15:53.464193+00:00
2022-05-14T09:11:25.191067Z,1686145,0.00771300,270.00000000,sell,2022-05-14 09:11:25.191067+00:00
2022-05-14T09:10:11.230338Z,1686144,0.00771100,1734.00000000,buy,2022-05-14 09:10:11.230338+00:00
2022-05-14T09:09:03.639089Z,1686143,0.00771300,2537.00000000,sell,2022-05-14 09:09:03.639089+00:00
2022-05-14T09:08:02.095243Z,1686142,0.00771200,623.00000000,sell,2022-05-14 09:08:02.095243+00:00
2022-05-14T09:03:39.131745Z,1686141,0.00771200,67.00000000,sell,2022-05-14 09:03:39.131745+00:00
2022-05-14T09:02:43.459609Z,1686140,0.00771000,1499.00000000,buy,2022-05-14 09:02:43.459609+00:00
2022-05-14T09:02:42.180869Z,1686139,0.00771200,160.00000000,sell,2022-05-14 09:02:42.180869+00:00
2022-05-14T09:01:28.951956Z,1686138,0.00771000,1290.00000000,buy,2022-05-14 09:01:28.951956+00:00
2022-05-14T09:00:30.569341Z,1686137,0.00770900,5000.00000000,buy,2022-05-14 09:00:30.569341+00:00
2022-05-14T08:59:43.401188Z,1686136,0.00770900,1946.00000000,buy,2022-05-14 08:59:43.401188+00:00
2022-05-14T08:58:54.612982Z,1686135,0.00770900,2594.00000000,buy,2022-05-14 08:58:54.612982+00:00
2022-05-14T08:58:05.326444Z,1686134,0.00770900,2594.00000000,buy,2022-05-14 08:58:05.326444+00:00
2022-05-14T08:57:21.965336Z,1686133,0.00771200,191.00000000,sell,2022-05-14 08:57:21.965336+00:00
2022-05-14T08:57:10.705366Z,1686132,0.00771200,17749.00000000,sell,2022-05-14 08:57:10.705366+00:00
2022-05-14T08:56:27.689655Z,1686131,0.00770900,4091.00000000,buy,2022-05-14 08:56:27.689655+00:00
2022-05-14T08:56:23.892221Z,1686130,0.00770900,2598.00000000,buy,2022-05-14 08:56:23.892221+00:00
2022-05-14T08:55:37.513332Z,1686129,0.00770900,11972.00000000,buy,2022-05-14 08:55:37.513332+00:00
2022-05-14T08:52:02.213298Z,1686128,0.00768300,111645.00000000,buy,2022-05-14 08:52:02.213298+00:00
2022-05-14T08:52:02.213298Z,1686127,0.00769000,569368.00000000,buy,2022-05-14 08:52:02.213298+00:00
2022-05-14T08:52:02.213298Z,1686126,0.00769100,17954.00000000,buy,2022-05-14 08:52:02.213298+00:00
2022-05-14T08:52:02.213298Z,1686125,0.00769500,16994.00000000,buy,2022-05-14 08:52:02.213298+00:00
2022-05-14T08:52:02.213298Z,1686124,0.00769700,274104.00000000,buy,2022-05-14 08:52:02.213298+00:00
2022-05-14T08:52:02.213298Z,1686123,0.00770000,2500.00000000,buy,2022-05-14 08:52:02.213298+00:00
2022-05-14T08:52:02.213298Z,1686122,0.00770000,1000.00000000,buy,2022-05-14 08:52:02.213298+00:00
2022-05-14T08:52:02.213298Z,1686121,0.00771000,277112.00000000,buy,2022-05-14 08:52:02.213298+00:00
2022-05-14T08:50:21.631106Z,1686120,0.00771000,3164.00000000,buy,2022-05-14 08:50:21.631106+00:00
2022-05-14T08:46:16.198346Z,1686119,0.00771000,116.00000000,buy,2022-05-14 08:46:16.198346+00:00
2022-05-14T08:46:10.072137Z,1686118,0.00771000,16259.00000000,buy,2022-05-14 08:46:10.072137+00:00
2022-05-14T08:45:10.0125Z,1686117,0.00771000,1080.00000000,buy,2022-05-14 08:45:10.012500+00:00
2022-05-14T08:40:46.848849Z,1686116,0.00771000,238.00000000,buy,2022-05-14 08:40:46.848849+00:00
2022-05-14T08:39:26.147139Z,1686115,0.00771100,6969.00000000,sell,2022-05-14 08:39:26.147139+00:00
2022-05-14T08:38:49.146816Z,1686114,0.00771000,2031.00000000,buy,2022-05-14 08:38:49.146816+00:00
2022-05-14T08:36:57.970184Z,1686113,0.00771100,7767.00000000,buy,2022-05-14 08:36:57.970184+00:00
2022-05-14T08:33:45.624959Z,1686112,0.00771100,229.00000000,buy,2022-05-14 08:33:45.624959+00:00
2022-05-14T08:31:59.232912Z,1686111,0.00771400,191.00000000,sell,2022-05-14 08:31:59.232912+00:00
2022-05-14T08:25:59.286259Z,1686110,0.00771100,25932.00000000,buy,2022-05-14 08:25:59.286259+00:00
2022-05-14T08:25:52.637113Z,1686109,0.00771100,1052.00000000,buy,2022-05-14 08:25:52.637113+00:00
2022-05-14T08:23:48.779835Z,1686108,0.00771400,676.00000000,sell,2022-05-14 08:23:48.779835+00:00
2022-05-14T08:22:48.708854Z,1686107,0.00771500,128.00000000,sell,2022-05-14 08:22:48.708854+00:00
2022-05-14T08:19:31.094582Z,1686106,0.00771500,3665.00000000,sell,2022-05-14 08:19:31.094582+00:00
2022-05-14T08:18:46.117328Z,1686105,0.00771300,3665.00000000,buy,2022-05-14 08:18:46.117328+00:00
2022-05-14T08:12:16.263766Z,1686104,0.00771500,645.00000000,sell,2022-05-14 08:12:16.263766+00:00
2022-05-14T08:01:30.268358Z,1686103,0.00771300,313.00000000,buy,2022-05-14 08:01:30.268358+00:00
2022-05-14T07:59:23.935081Z,1686102,0.00771300,377.00000000,buy,2022-05-14 07:59:23.935081+00:00
2022-05-14T07:55:47.748693Z,1686101,0.00771300,113.00000000,buy,2022-05-14 07:55:47.748693+00:00
2022-05-14T07:54:12.853897Z,1686100,0.00771500,126.00000000,sell,2022-05-14 07:54:12.853897+00:00
2022-05-14T07:53:05.324804Z,1686099,0.00771500,344.00000000,sell,2022-05-14 07:53:05.324804+00:00
2022-05-14T07:53:01.869071Z,1686098,0.00771300,3021.00000000,buy,2022-05-14 07:53:01.869071+00:00
2022-05-14T07:52:12.130567Z,1686097,0.00771300,484.00000000,buy,2022-05-14 07:52:12.130567+00:00
2022-05-14T07:51:51.140549Z,1686096,0.00771300,267.00000000,buy,2022-05-14 07:51:51.140549+00:00
2022-05-14T07:51:44.277076Z,1686095,0.00771300,4920.00000000,buy,2022-05-14 07:51:44.277076+00:00
2022-05-14T07:49:33.94329Z,1686094,0.00771500,252.00000000,sell,2022-05-14 07:49:33.943290+00:00
2022-05-14T07:48:45.806883Z,1686093,0.00771300,50.00000000,buy,2022-05-14 07:48:45.806883+00:00
2022-05-14T07:47:13.354708Z,1686092,0.00771300,405.00000000,buy,2022-05-14 07:47:13.354708+00:00
2022-05-14T07:45:28.840319Z,1686091,0.00771300,64.00000000,buy,2022-05-14 07:45:28.840319+00:00
2022-05-14T07:40:58.760307Z,1686090,0.00771300,1697.00000000,buy,2022-05-14 07:40:58.760307+00:00
2022-05-14T07:40:51.969339Z,1686089,0.00771500,517.00000000,sell,2022-05-14 07:40:51.969339+00:00
2022-05-14T07:38:28.443385Z,1686088,0.00771300,228.00000000,buy,2022-05-14 07:38:28.443385+00:00
2022-05-14T07:35:50.21785Z,1686087,0.00771500,197.00000000,sell,2022-05-14 07:35:50.217850+00:00
2022-05-14T07:33:20.522862Z,1686086,0.00771500,4258.00000000,sell,2022-05-14 07:33:20.522862+00:00
2022-05-14T07:29:34.642398Z,1686085,0.00771300,183.00000000,buy,2022-05-14 07:29:34.642398+00:00
2022-05-14T07:25:02.220131Z,1686084,0.00771300,5000.00000000,buy,2022-05-14 07:25:02.220131+00:00
2022-05-14T07:20:46.611814Z,1686083,0.00771100,1348.00000000,buy,2022-05-14 07:20:46.611814+00:00
2022-05-14T07:20:26.794979Z,1686082,0.00771100,344.00000000,buy,2022-05-14 07:20:26.794979+00:00
2022-05-14T07:19:22.434758Z,1686081,0.00771100,3763.00000000,buy,2022-05-14 07:19:22.434758+00:00
2022-05-14T07:19:05.874592Z,1686080,0.00771100,2053.00000000,buy,2022-05-14 07:19:05.874592+00:00
2022-05-14T07:17:26.847988Z,1686079,0.00771100,134.00000000,buy,2022-05-14 07:17:26.847988+00:00
2022-05-14T07:17:25.011851Z,1686078,0.00771100,3177.00000000,buy,2022-05-14 07:17:25.011851+00:00
2022-05-14T07:17:19.42391Z,1686077,0.00771100,52.00000000,buy,2022-05-14 07:17:19.423910+00:00
2022-05-14T07:11:39.672384Z,1686076,0.00771100,1294.00000000,buy,2022-05-14 07:11:39.672384+00:00
2022-05-14T07:09:18.018939Z,1686075,0.00771100,388.00000000,buy,2022-05-14 07:09:18.018939+00:00
2022-05-14T07:08:13.221173Z,1686074,0.00771100,258.00000000,buy,2022-05-14 07:08:13.221173+00:00
2022-05-14T07:03:12.10306Z,1686073,0.00771500,3032.00000000,sell,2022-05-14 07:03:12.103060+00:00
2022-05-14T07:02:25.131308Z,1686072,0.00771500,1163.00000000,sell,2022-05-14 07:02:25.131308+00:00
2022-05-14T07:01:44.88556Z,1686071,0.00771300,733.00000000,buy,2022-05-14 07:01:44.885560+00:00
2022-05-14T06:59:01.884011Z,1686070,0.00771300,71.00000000,buy,2022-05-14 06:59:01.884011+00:00
2022-05-14T06:58:17.79926Z,1686069,0.00771300,159899.00000000,buy,2022-05-14 06:58:17.799260+00:00
2022-05-14T06:48:52.006605Z,1686068,0.00771300,372.00000000,buy,2022-05-14 06:48:52.006605+00:00
2022-05-14T06:47:29.152816Z,1686067,0.00771500,2387.00000000,sell,2022-05-14 06:47:29.152816+00:00
2022-05-14T06:46:34.064316Z,1686066,0.00771500,3032.00000000,sell,2022-05-14 06:46:34.064316+00:00
2022-05-14T06:44:43.529987Z,1686065,0.00771300,3042.00000000,buy,2022-05-14 06:44:43.529987+00:00
2022-05-14T06:43:41.402666Z,1686064,0.00771500,631.00000000,sell,2022-05-14 06:43:41.402666+00:00
2022-05-14T06:38:26.170859Z,1686063,0.00771300,41312.00000000,buy,2022-05-14 06:38:26.170859+00:00
2022-05-14T06:37:03.281064Z,1686062,0.00771300,793.00000000,buy,2022-05-14 06:37:03.281064+00:00
2022-05-14T06:33:30.04631Z,1686061,0.00771500,662.00000000,sell,2022-05-14 06:33:30.046310+00:00
2022-05-14T06:31:05.039081Z,1686060,0.00771500,265.00000000,sell,2022-05-14 06:31:05.039081+00:00
2022-05-14T06:29:56.659866Z,1686059,0.00771500,136.00000000,sell,2022-05-14 06:29:56.659866+00:00
2022-05-14T06:26:09.065862Z,1686058,0.00771300,10349.00000000,buy,2022-05-14 06:26:09.065862+00:00
2022-05-14T06:25:53.09195Z,1686057,0.00771300,1590.00000000,buy,2022-05-14 06:25:53.091950+00:00
2022-05-14T06:24:43.409562Z,1686056,0.00771300,10609.00000000,buy,2022-05-14 06:24:43.409562+00:00
2022-05-14T06:23:03.46621Z,1686055,0.00771300,2337.00000000,buy,2022-05-14 06:23:03.466210+00:00
2022-05-14T06:21:57.491367Z,1686054,0.00771500,763.00000000,sell,2022-05-14 06:21:57.491367+00:00
2022-05-14T06:20:10.00642Z,1686053,0.00771300,1491.00000000,buy,2022-05-14 06:20:10.006420+00:00
2022-05-14T06:18:30.528285Z,1686052,0.00771300,2876.00000000,buy,2022-05-14 06:18:30.528285+00:00
2022-05-14T06:16:29.238112Z,1686051,0.00771300,3886.00000000,buy,2022-05-14 06:16:29.238112+00:00
2022-05-14T06:14:40.791983Z,1686050,0.00771300,2385.00000000,buy,2022-05-14 06:14:40.791983+00:00
2022-05-14T06:02:43.621868Z,1686049,0.00771400,282.00000000,sell,2022-05-14 06:02:43.621868+00:00
2022-05-14T05:59:19.104851Z,1686048,0.00771100,3112.00000000,buy,2022-05-14 05:59:19.104851+00:00
2022-05-14T05:58:17.093719Z,1686047,0.00771400,1162.00000000,sell,2022-05-14 05:58:17.093719+00:00
2022-05-14T05:58:02.393377Z,1686046,0.00771100,2725.00000000,buy,2022-05-14 05:58:02.393377+00:00
2022-05-14T05:54:49.271737Z,1686045,0.00771400,1396.00000000,sell,2022-05-14 05:54:49.271737+00:00
2022-05-14T05:52:37.14291Z,1686044,0.00771100,1296.00000000,buy,2022-05-14 05:52:37.142910+00:00
2022-05-14T05:49:48.084354Z,1686043,0.00771400,1280.00000000,sell,2022-05-14 05:49:48.084354+00:00
2022-05-14T05:46:41.287486Z,1686042,0.00771400,256.00000000,sell,2022-05-14 05:46:41.287486+00:00
2022-05-14T05:44:01.277585Z,1686041,0.00771400,1282.00000000,sell,2022-05-14 05:44:01.277585+00:00
2022-05-14T05:43:03.591382Z,1686040,0.00771100,320.00000000,buy,2022-05-14 05:43:03.591382+00:00
2022-05-14T05:40:36.911577Z,1686039,0.00771100,2097.00000000,buy,2022-05-14 05:40:36.911577+00:00
2022-05-14T05:33:16.334858Z,1686038,0.00771100,1825.00000000,buy,2022-05-14 05:33:16.334858+00:00
2022-05-14T05:32:45.944951Z,1686037,0.00771400,112.00000000,sell,2022-05-14 05:32:45.944951+00:00
2022-05-14T05:26:44.362549Z,1686036,0.00771400,256.00000000,sell,2022-05-14 05:26:44.362549+00:00
2022-05-14T05:26:44.362549Z,1686035,0.00771300,55.00000000,sell,2022-05-14 05:26:44.362549+00:00
2022-05-14T05:26:20.566889Z,1686034,0.00771100,1100.00000000,buy,2022-05-14 05:26:20.566889+00:00
2022-05-14T05:26:20.566889Z,1686033,0.00771100,1047.00000000,buy,2022-05-14 05:26:20.566889+00:00
2022-05-14T05:20:05.519465Z,1686032,0.00771100,24325.00000000,buy,2022-05-14 05:20:05.519465+00:00
2022-05-14T05:19:08.349007Z,1686031,0.00771200,625.00000000,buy,2022-05-14 05:19:08.349007+00:00
2022-05-14T05:13:39.547568Z,1686030,0.00771100,1447.00000000,buy,2022-05-14 05:13:39.547568+00:00
2022-05-14T05:10:34.577446Z,1686029,0.00771400,1884.00000000,sell,2022-05-14 05:10:34.577446+00:00
2022-05-14T05:10:27.950463Z,1686028,0.00771200,22762.00000000,buy,2022-05-14 05:10:27.950463+00:00
2022-05-14T05:06:56.687115Z,1686027,0.00771400,4548.00000000,sell,2022-05-14 05:06:56.687115+00:00
2022-05-14T05:05:05.024699Z,1686026,0.00771100,39101.00000000,buy,2022-05-14 05:05:05.024699+00:00
2022-05-14T05:04:03.881236Z,1686025,0.00771200,1292.00000000,buy,2022-05-14 05:04:03.881236+00:00
2022-05-14T05:03:15.493807Z,1686024,0.00771400,2156.00000000,sell,2022-05-14 05:03:15.493807+00:00
2022-05-14T05:00:56.57209Z,1686023,0.00771200,10000.00000000,buy,2022-05-14 05:00:56.572090+00:00
2022-05-14T04:58:11.901313Z,1686022,0.00771100,13515.00000000,buy,2022-05-14 04:58:11.901313+00:00
2022-05-14T04:58:11.53253Z,1686021,0.00771200,17021.00000000,buy,2022-05-14 04:58:11.532530+00:00
2022-05-14T04:57:32.696959Z,1686020,0.00771100,180.00000000,buy,2022-05-14 04:57:32.696959+00:00
2022-05-14T04:56:32.034732Z,1686019,0.00771100,648.00000000,buy,2022-05-14 04:56:32.034732+00:00
2022-05-14T04:54:03.324082Z,1686018,0.00771400,517.00000000,sell,2022-05-14 04:54:03.324082+00:00
2022-05-14T04:52:36.987605Z,1686017,0.00771200,14987.00000000,buy,2022-05-14 04:52:36.987605+00:00
2022-05-14T04:51:45.61793Z,1686016,0.00771400,1162.00000000,sell,2022-05-14 04:51:45.617930+00:00
2022-05-14T04:51:26.67319Z,1686015,0.00771200,794.00000000,buy,2022-05-14 04:51:26.673190+00:00
2022-05-14T04:49:27.260177Z,1686014,0.00771500,735.00000000,sell,2022-05-14 04:49:27.260177+00:00
2022-05-14T04:49:19.074742Z,1686013,0.00771400,61161.00000000,sell,2022-05-14 04:49:19.074742+00:00
2022-05-14T04:48:56.439378Z,1686012,0.00771200,12966.00000000,buy,2022-05-14 04:48:56.439378+00:00
2022-05-14T04:46:25.959883Z,1686011,0.00771400,5000.00000000,sell,2022-05-14 04:46:25.959883+00:00
2022-05-14T04:46:08.851953Z,1686010,0.00771400,1162.00000000,sell,2022-05-14 04:46:08.851953+00:00
2022-05-14T04:45:31.34443Z,1686009,0.00771100,670.00000000,buy,2022-05-14 04:45:31.344430+00:00
2022-05-14T04:45:08.155954Z,1686008,0.00771100,19416.00000000,buy,2022-05-14 04:45:08.155954+00:00
2022-05-14T04:44:14.517199Z,1686007,0.00771400,1895.00000000,sell,2022-05-14 04:44:14.517199+00:00
2022-05-14T04:41:48.179424Z,1686006,0.00771200,2428.00000000,buy,2022-05-14 04:41:48.179424+00:00
2022-05-14T04:34:22.357472Z,1686005,0.00771300,5000.00000000,buy,2022-05-14 04:34:22.357472+00:00
2022-05-14T04:32:43.691699Z,1686004,0.00771300,196.00000000,buy,2022-05-14 04:32:43.691699+00:00
2022-05-14T04:32:06.447331Z,1686003,0.00771300,1132.00000000,buy,2022-05-14 04:32:06.447331+00:00
2022-05-14T04:31:56.981286Z,1686002,0.00771300,3890.00000000,buy,2022-05-14 04:31:56.981286+00:00
2022-05-14T04:30:04.342632Z,1686001,0.00771100,490.00000000,buy,2022-05-14 04:30:04.342632+00:00
2022-05-14T04:29:47.907708Z,1686000,0.00771100,1734.00000000,buy,2022-05-14 04:29:47.907708+00:00
2022-05-14T04:28:14.335623Z,1685999,0.00771200,87.00000000,buy,2022-05-14 04:28:14.335623+00:00
2022-05-14T04:26:04.902023Z,1685998,0.00771100,169191.00000000,buy,2022-05-14 04:26:04.902023+00:00
2022-05-14T04:25:31.07923Z,1685997,0.00771100,389.00000000,buy,2022-05-14 04:25:31.079230+00:00
2022-05-14T04:25:10.397905Z,1685996,0.00771200,4356.00000000,buy,2022-05-14 04:25:10.397905+00:00
2022-05-14T04:19:21.80416Z,1685995,0.00771100,389.00000000,buy,2022-05-14 04:19:21.804160+00:00
2022-05-14T04:12:19.592432Z,1685994,0.00771500,10001.00000000,sell,2022-05-14 04:12:19.592432+00:00
2022-05-14T04:11:57.337185Z,1685993,0.00771300,1336.00000000,buy,2022-05-14 04:11:57.337185+00:00
2022-05-14T04:09:40.309153Z,1685992,0.00771300,13031.00000000,buy,2022-05-14 04:09:40.309153+00:00
2022-05-14T04:07:23.160754Z,1685991,0.00771500,13031.00000000,sell,2022-05-14 04:07:23.160754+00:00
2022-05-14T04:06:55.552501Z,1685990,0.00771300,685.00000000,buy,2022-05-14 04:06:55.552501+00:00
2022-05-14T04:06:29.86244Z,1685989,0.00771300,42500.00000000,buy,2022-05-14 04:06:29.862440+00:00
2022-05-14T04:05:45.707885Z,1685988,0.00771300,2587.00000000,buy,2022-05-14 04:05:45.707885+00:00
2022-05-14T04:04:46.587238Z,1685987,0.00771500,1132.00000000,sell,2022-05-14 04:04:46.587238+00:00
2022-05-14T04:04:27.79377Z,1685986,0.00771300,4908.00000000,buy,2022-05-14 04:04:27.793770+00:00
2022-05-14T04:00:13.417171Z,1685985,0.00771300,27486.00000000,buy,2022-05-14 04:00:13.417171+00:00
2022-05-14T03:59:52.108258Z,1685984,0.00771300,19830.00000000,buy,2022-05-14 03:59:52.108258+00:00
2022-05-14T03:58:29.070157Z,1685983,0.00771300,951.00000000,buy,2022-05-14 03:58:29.070157+00:00
2022-05-14T03:58:21.594532Z,1685982,0.00771500,517.00000000,sell,2022-05-14 03:58:21.594532+00:00
2022-05-14T03:56:24.060433Z,1685981,0.00771300,10690.00000000,buy,2022-05-14 03:56:24.060433+00:00
2022-05-14T03:56:18.620587Z,1685980,0.00771300,14720.00000000,buy,2022-05-14 03:56:18.620587+00:00
2022-05-14T03:55:32.400595Z,1685979,0.00771300,28103.00000000,buy,2022-05-14 03:55:32.400595+00:00
2022-05-14T03:55:21.85718Z,1685978,0.00771200,6482.00000000,buy,2022-05-14 03:55:21.857180+00:00
2022-05-14T03:55:17.532867Z,1685977,0.00771400,6909.00000000,sell,2022-05-14 03:55:17.532867+00:00
2022-05-14T03:54:19.163595Z,1685976,0.00771400,6482.00000000,sell,2022-05-14 03:54:19.163595+00:00
2022-05-14T03:53:46.015502Z,1685975,0.00771400,12513.00000000,sell,2022-05-14 03:53:46.015502+00:00
2022-05-14T03:52:18.875645Z,1685974,0.00771100,833.00000000,buy,2022-05-14 03:52:18.875645+00:00
2022-05-14T03:49:05.109183Z,1685973,0.00771400,1163.00000000,sell,2022-05-14 03:49:05.109183+00:00
2022-05-14T03:47:07.02993Z,1685972,0.00771500,2292.00000000,sell,2022-05-14 03:47:07.029930+00:00
2022-05-14T03:47:07.02993Z,1685971,0.00770700,3904.00000000,sell,2022-05-14 03:47:07.029930+00:00
2022-05-14T03:47:00.360712Z,1685970,0.00770600,259191.00000000,buy,2022-05-14 03:47:00.360712+00:00
2022-05-14T03:46:40.277488Z,1685969,0.00770600,457.00000000,buy,2022-05-14 03:46:40.277488+00:00
2022-05-14T03:45:42.981748Z,1685968,0.00770600,17565.00000000,buy,2022-05-14 03:45:42.981748+00:00
2022-05-14T03:44:54.302411Z,1685967,0.00770600,7141.00000000,buy,2022-05-14 03:44:54.302411+00:00
2022-05-14T03:44:27.271372Z,1685966,0.00770600,118.00000000,buy,2022-05-14 03:44:27.271372+00:00
2022-05-14T03:42:45.553918Z,1685965,0.00770000,10000.00000000,sell,2022-05-14 03:42:45.553918+00:00
2022-05-14T03:42:45.535547Z,1685964,0.00769800,52297.00000000,buy,2022-05-14 03:42:45.535547+00:00
2022-05-14T03:42:45.535547Z,1685963,0.00770700,1235.00000000,buy,2022-05-14 03:42:45.535547+00:00
2022-05-14T03:42:45.535547Z,1685962,0.00770800,1294.00000000,buy,2022-05-14 03:42:45.535547+00:00
2022-05-14T03:42:45.535547Z,1685961,0.00771400,55.00000000,buy,2022-05-14 03:42:45.535547+00:00
2022-05-14T03:42:45.535547Z,1685960,0.00771400,80000.00000000,buy,2022-05-14 03:42:45.535547+00:00
2022-05-14T03:42:45.535547Z,1685959,0.00771400,299355.00000000,buy,2022-05-14 03:42:45.535547+00:00
2022-05-14T03:42:32.338711Z,1685958,0.00771400,645.00000000,buy,2022-05-14 03:42:32.338711+00:00
2022-05-14T03:40:45.907818Z,1685957,0.00771700,679.00000000,sell,2022-05-14 03:40:45.907818+00:00
2022-05-14T03:40:45.783425Z,1685956,0.00772300,39717.00000000,sell,2022-05-14 03:40:45.783425+00:00
2022-05-14T03:40:45.783425Z,1685955,0.00771600,300000.00000000,sell,2022-05-14 03:40:45.783425+00:00
2022-05-14T03:40:45.783425Z,1685954,0.00771500,80000.00000000,sell,2022-05-14 03:40:45.783425+00:00
2022-05-14T03:40:45.783425Z,1685953,0.00771500,55460.00000000,sell,2022-05-14 03:40:45.783425+00:00
2022-05-14T03:38:51.622449Z,1685952,0.00771300,130000.00000000,buy,2022-05-14 03:38:51.622449+00:00
2022-05-14T03:38:22.188048Z,1685951,0.00771300,1037.00000000,buy,2022-05-14 03:38:22.188048+00:00
2022-05-14T03:38:01.679387Z,1685950,0.00771300,178.00000000,buy,2022-05-14 03:38:01.679387+00:00
2022-05-14T03:35:24.423694Z,1685949,0.00771300,1187.00000000,buy,2022-05-14 03:35:24.423694+00:00
2022-05-14T03:33:52.826028Z,1685948,0.00771500,822.00000000,sell,2022-05-14 03:33:52.826028+00:00
2022-05-14T03:33:33.381568Z,1685947,0.00771500,1000.00000000,sell,2022-05-14 03:33:33.381568+00:00
2022-05-14T03:32:55.620164Z,1685946,0.00771300,130.00000000,buy,2022-05-14 03:32:55.620164+00:00
2022-05-14T03:29:43.688639Z,1685945,0.00771500,733.00000000,sell,2022-05-14 03:29:43.688639+00:00
2022-05-14T03:29:24.206885Z,1685944,0.00771300,130.00000000,buy,2022-05-14 03:29:24.206885+00:00
2022-05-14T03:26:58.902975Z,1685943,0.00771300,3056.00000000,buy,2022-05-14 03:26:58.902975+00:00
2022-05-14T03:26:57.86982Z,1685942,0.00771300,6281.00000000,buy,2022-05-14 03:26:57.869820+00:00
2022-05-14T03:24:36.396537Z,1685941,0.00771300,38888.00000000,buy,2022-05-14 03:24:36.396537+00:00
2022-05-14T03:22:21.995814Z,1685940,0.00771600,24511.00000000,sell,2022-05-14 03:22:21.995814+00:00
2022-05-14T03:17:14.239427Z,1685939,0.00771300,116.00000000,buy,2022-05-14 03:17:14.239427+00:00
2022-05-14T03:16:30.273253Z,1685938,0.00771500,20000.00000000,sell,2022-05-14 03:16:30.273253+00:00
2022-05-14T03:09:54.277661Z,1685937,0.00771600,774.00000000,sell,2022-05-14 03:09:54.277661+00:00
2022-05-14T03:09:23.574721Z,1685936,0.00771400,117701.00000000,buy,2022-05-14 03:09:23.574721+00:00
2022-05-14T03:04:00.09665Z,1685935,0.00771600,14720.00000000,sell,2022-05-14 03:04:00.096650+00:00
2022-05-14T03:03:27.463127Z,1685934,0.00771400,2738.00000000,buy,2022-05-14 03:03:27.463127+00:00
2022-05-14T03:03:04.250304Z,1685933,0.00771400,7907.00000000,buy,2022-05-14 03:03:04.250304+00:00
2022-05-14T03:02:49.942958Z,1685932,0.00771400,53311.00000000,buy,2022-05-14 03:02:49.942958+00:00
2022-05-14T03:02:09.823143Z,1685931,0.00771400,315.00000000,buy,2022-05-14 03:02:09.823143+00:00
2022-05-14T03:01:07.989446Z,1685930,0.00771400,136.00000000,buy,2022-05-14 03:01:07.989446+00:00
2022-05-14T03:00:03.275631Z,1685929,0.00771400,168.00000000,buy,2022-05-14 03:00:03.275631+00:00
2022-05-14T02:59:27.382387Z,1685928,0.00771600,1162.00000000,sell,2022-05-14 02:59:27.382387+00:00
2022-05-14T02:56:57.939466Z,1685927,0.00771400,5185.00000000,buy,2022-05-14 02:56:57.939466+00:00
2022-05-14T02:56:15.695746Z,1685926,0.00771400,187.00000000,buy,2022-05-14 02:56:15.695746+00:00
2022-05-14T02:56:07.106316Z,1685925,0.00771600,2387.00000000,sell,2022-05-14 02:56:07.106316+00:00
2022-05-14T02:52:13.461232Z,1685924,0.00771400,15212.00000000,buy,2022-05-14 02:52:13.461232+00:00
2022-05-14T02:50:43.507192Z,1685923,0.00771400,4261.00000000,buy,2022-05-14 02:50:43.507192+00:00
2022-05-14T02:50:09.317207Z,1685922,0.00771600,1742.00000000,sell,2022-05-14 02:50:09.317207+00:00
2022-05-14T02:49:22.780441Z,1685921,0.00771400,230.00000000,buy,2022-05-14 02:49:22.780441+00:00
2022-05-14T02:46:59.351342Z,1685920,0.00771500,283421.00000000,buy,2022-05-14 02:46:59.351342+00:00
2022-05-14T02:46:46.261387Z,1685919,0.00771500,4213.00000000,buy,2022-05-14 02:46:46.261387+00:00
2022-05-14T02:46:40.865541Z,1685918,0.00771500,735.00000000,buy,2022-05-14 02:46:40.865541+00:00
2022-05-14T02:46:37.512915Z,1685917,0.00771500,8886.00000000,buy,2022-05-14 02:46:37.512915+00:00
2022-05-14T02:45:41.580732Z,1685916,0.00771600,22500.00000000,buy,2022-05-14 02:45:41.580732+00:00
2022-05-14T02:45:41.580732Z,1685915,0.00771600,122378.00000000,buy,2022-05-14 02:45:41.580732+00:00
2022-05-14T02:45:41.580732Z,1685914,0.00771600,170552.00000000,buy,2022-05-14 02:45:41.580732+00:00
2022-05-14T02:39:57.945623Z,1685913,0.00771900,636.00000000,sell,2022-05-14 02:39:57.945623+00:00
2022-05-14T02:38:07.311214Z,1685912,0.00771700,389.00000000,buy,2022-05-14 02:38:07.311214+00:00
2022-05-14T02:36:48.637707Z,1685911,0.00771700,423.00000000,buy,2022-05-14 02:36:48.637707+00:00
2022-05-14T02:35:19.310087Z,1685910,0.00771700,36361.00000000,buy,2022-05-14 02:35:19.310087+00:00
2022-05-14T02:35:09.606183Z,1685909,0.00771900,635.00000000,sell,2022-05-14 02:35:09.606183+00:00
2022-05-14T02:33:29.33875Z,1685908,0.00771700,14291.00000000,buy,2022-05-14 02:33:29.338750+00:00
2022-05-14T02:32:02.710118Z,1685907,0.00771900,15212.00000000,sell,2022-05-14 02:32:02.710118+00:00
2022-05-14T02:32:00.612993Z,1685906,0.00771900,3030.00000000,sell,2022-05-14 02:32:00.612993+00:00
2022-05-14T02:31:29.40434Z,1685905,0.00771900,3611.00000000,sell,2022-05-14 02:31:29.404340+00:00
2022-05-14T02:29:33.086782Z,1685904,0.00771700,15422.00000000,buy,2022-05-14 02:29:33.086782+00:00
2022-05-14T02:29:20.127915Z,1685903,0.00772000,1161.00000000,sell,2022-05-14 02:29:20.127915+00:00
2022-05-14T02:26:31.644293Z,1685902,0.00771700,100.00000000,buy,2022-05-14 02:26:31.644293+00:00
2022-05-14T02:24:34.288315Z,1685901,0.00771600,7070.00000000,buy,2022-05-14 02:24:34.288315+00:00
2022-05-14T02:22:44.514191Z,1685900,0.00771700,1121.00000000,buy,2022-05-14 02:22:44.514191+00:00
2022-05-14T02:22:20.997729Z,1685899,0.00771700,5330.00000000,buy,2022-05-14 02:22:20.997729+00:00
2022-05-14T02:21:04.688877Z,1685898,0.00771700,1171.00000000,buy,2022-05-14 02:21:04.688877+00:00
2022-05-14T02:20:48.973167Z,1685897,0.00771700,6396.00000000,buy,2022-05-14 02:20:48.973167+00:00
2022-05-14T02:20:25.48189Z,1685896,0.00771700,3167.00000000,buy,2022-05-14 02:20:25.481890+00:00
2022-05-14T02:19:54.601279Z,1685895,0.00772000,8018.00000000,sell,2022-05-14 02:19:54.601279+00:00
2022-05-14T02:17:12.66757Z,1685894,0.00772000,15422.00000000,sell,2022-05-14 02:17:12.667570+00:00
2022-05-14T02:15:35.302266Z,1685893,0.00771600,16471.00000000,buy,2022-05-14 02:15:35.302266+00:00
2022-05-14T02:15:03.221678Z,1685892,0.00771900,3609.00000000,sell,2022-05-14 02:15:03.221678+00:00
2022-05-14T02:14:25.697345Z,1685891,0.00771600,318.00000000,buy,2022-05-14 02:14:25.697345+00:00
2022-05-14T02:13:39.641093Z,1685890,0.00771900,196.00000000,sell,2022-05-14 02:13:39.641093+00:00
2022-05-14T02:13:08.693964Z,1685889,0.00771900,259.00000000,sell,2022-05-14 02:13:08.693964+00:00
2022-05-14T02:12:56.156707Z,1685888,0.00771600,581.00000000,buy,2022-05-14 02:12:56.156707+00:00
2022-05-14T02:11:10.227999Z,1685887,0.00771900,12396.00000000,sell,2022-05-14 02:11:10.227999+00:00
2022-05-14T02:10:37.938448Z,1685886,0.00771900,6190.00000000,sell,2022-05-14 02:10:37.938448+00:00
2022-05-14T02:10:24.940428Z,1685885,0.00771800,2386.00000000,sell,2022-05-14 02:10:24.940428+00:00
2022-05-14T02:06:00.309257Z,1685884,0.00771600,631.00000000,buy,2022-05-14 02:06:00.309257+00:00
2022-05-14T02:05:53.750216Z,1685883,0.00771800,95.00000000,sell,2022-05-14 02:05:53.750216+00:00
2022-05-14T02:02:21.186548Z,1685882,0.00771900,517.00000000,sell,2022-05-14 02:02:21.186548+00:00
