time,trade_id,price,size,side,date
2022-05-15T21:10:08.446645Z,1374322,36.21000000,0.00910000,buy,2022-05-15 21:10:08.446645+00:00
2022-05-15T21:10:08.446645Z,1374321,36.23000000,15.10430000,buy,2022-05-15 21:10:08.446645+00:00
2022-05-15T21:10:08.446645Z,1374320,36.24000000,4.00000000,buy,2022-05-15 21:10:08.446645+00:00
2022-05-15T21:07:40.858239Z,1374319,36.41000000,6.73550000,sell,2022-05-15 21:07:40.858239+00:00
2022-05-15T21:06:51.06372Z,1374318,36.29000000,0.25400000,buy,2022-05-15 21:06:51.063720+00:00
2022-05-15T21:06:51.06372Z,1374317,36.30000000,2.19840000,buy,2022-05-15 21:06:51.063720+00:00
2022-05-15T21:06:20.415132Z,1374316,36.43000000,5.37660000,sell,2022-05-15 21:06:20.415132+00:00
2022-05-15T21:05:57.947533Z,1374315,36.32000000,65.00000000,sell,2022-05-15 21:05:57.947533+00:00
2022-05-15T21:05:57.947533Z,1374314,36.30000000,2.70280000,sell,2022-05-15 21:05:57.947533+00:00
2022-05-15T21:05:57.947533Z,1374313,36.30000000,7.60220000,sell,2022-05-15 21:05:57.947533+00:00
2022-05-15T21:05:41.17228Z,1374312,36.28000000,0.97230000,sell,2022-05-15 21:05:41.172280+00:00
2022-05-15T21:04:43.748784Z,1374311,36.13000000,0.14700000,buy,2022-05-15 21:04:43.748784+00:00
2022-05-15T21:02:59.837649Z,1374310,36.32000000,1.05180000,sell,2022-05-15 21:02:59.837649+00:00
2022-05-15T21:02:15.226492Z,1374309,36.26000000,0.00240000,sell,2022-05-15 21:02:15.226492+00:00
2022-05-15T21:01:30.65469Z,1374308,36.32000000,7.50080000,sell,2022-05-15 21:01:30.654690+00:00
2022-05-15T21:00:53.310703Z,1374307,36.44000000,1.00000000,sell,2022-05-15 21:00:53.310703+00:00
2022-05-15T21:00:53.299448Z,1374306,36.44000000,1.23820000,sell,2022-05-15 21:00:53.299448+00:00
2022-05-15T21:00:53.299448Z,1374305,36.44000000,0.43180000,sell,2022-05-15 21:00:53.299448+00:00
2022-05-15T21:00:53.299448Z,1374304,36.44000000,0.68670000,sell,2022-05-15 21:00:53.299448+00:00
2022-05-15T21:00:53.288259Z,1374303,36.42000000,0.32250000,sell,2022-05-15 21:00:53.288259+00:00
2022-05-15T21:00:53.288259Z,1374302,36.40000000,0.75290000,sell,2022-05-15 21:00:53.288259+00:00
2022-05-15T21:00:53.288259Z,1374301,36.40000000,1.25640000,sell,2022-05-15 21:00:53.288259+00:00
2022-05-15T21:00:53.276896Z,1374300,36.45000000,1.04000000,sell,2022-05-15 21:00:53.276896+00:00
2022-05-15T21:00:53.276896Z,1374299,36.41000000,0.42600000,sell,2022-05-15 21:00:53.276896+00:00
2022-05-15T21:00:53.276896Z,1374298,36.41000000,1.27880000,sell,2022-05-15 21:00:53.276896+00:00
2022-05-15T21:00:53.269125Z,1374297,36.43000000,0.45670000,buy,2022-05-15 21:00:53.269125+00:00
2022-05-15T21:00:53.269125Z,1374296,36.44000000,1.14340000,buy,2022-05-15 21:00:53.269125+00:00
2022-05-15T21:00:53.26593Z,1374295,36.43000000,0.01020000,sell,2022-05-15 21:00:53.265930+00:00
2022-05-15T21:00:53.26593Z,1374294,36.42000000,0.81120000,sell,2022-05-15 21:00:53.265930+00:00
2022-05-15T21:00:53.254625Z,1374293,36.42000000,1.17200000,sell,2022-05-15 21:00:53.254625+00:00
2022-05-15T21:00:11.668839Z,1374292,36.39000000,0.80160000,buy,2022-05-15 21:00:11.668839+00:00
2022-05-15T21:00:11.653634Z,1374291,36.39000000,2.19840000,sell,2022-05-15 21:00:11.653634+00:00
2022-05-15T20:59:42.162012Z,1374290,36.39000000,0.16630000,sell,2022-05-15 20:59:42.162012+00:00
2022-05-15T20:59:42.162012Z,1374289,36.37000000,2.24960000,sell,2022-05-15 20:59:42.162012+00:00
2022-05-15T20:59:42.162012Z,1374288,36.36000000,2.19840000,sell,2022-05-15 20:59:42.162012+00:00
2022-05-15T20:59:42.162012Z,1374287,36.31000000,0.10060000,sell,2022-05-15 20:59:42.162012+00:00
2022-05-15T20:59:42.162012Z,1374286,36.31000000,2.00000000,sell,2022-05-15 20:59:42.162012+00:00
2022-05-15T20:59:36.86359Z,1374285,36.30000000,0.70860000,buy,2022-05-15 20:59:36.863590+00:00
2022-05-15T20:59:36.846228Z,1374284,36.30000000,0.72700000,buy,2022-05-15 20:59:36.846228+00:00
2022-05-15T20:59:36.838658Z,1374283,36.30000000,0.91340000,buy,2022-05-15 20:59:36.838658+00:00
2022-05-15T20:59:36.807562Z,1374282,36.30000000,0.00520000,sell,2022-05-15 20:59:36.807562+00:00
2022-05-15T20:57:03.613693Z,1374281,36.25000000,17.62710000,buy,2022-05-15 20:57:03.613693+00:00
2022-05-15T20:57:03.600337Z,1374280,36.25000000,15.17450000,sell,2022-05-15 20:57:03.600337+00:00
2022-05-15T20:57:03.600337Z,1374279,36.23000000,65.00000000,sell,2022-05-15 20:57:03.600337+00:00
2022-05-15T20:57:03.600337Z,1374278,36.21000000,2.19840000,sell,2022-05-15 20:57:03.600337+00:00
2022-05-15T20:56:51.103083Z,1374277,36.11000000,2.01000000,buy,2022-05-15 20:56:51.103083+00:00
2022-05-15T20:56:15.549627Z,1374276,36.24000000,3.27000000,sell,2022-05-15 20:56:15.549627+00:00
2022-05-15T20:55:50.079139Z,1374275,36.23000000,1.63230000,sell,2022-05-15 20:55:50.079139+00:00
2022-05-15T20:55:50.079139Z,1374274,36.22000000,2.19840000,sell,2022-05-15 20:55:50.079139+00:00
2022-05-15T20:55:36.44508Z,1374273,36.21000000,7.92750000,sell,2022-05-15 20:55:36.445080+00:00
2022-05-15T20:54:19.115696Z,1374272,36.23000000,1.31890000,sell,2022-05-15 20:54:19.115696+00:00
2022-05-15T20:52:56.588385Z,1374271,36.19000000,1.09400000,sell,2022-05-15 20:52:56.588385+00:00
2022-05-15T20:52:09.668714Z,1374270,36.06000000,2.94610000,buy,2022-05-15 20:52:09.668714+00:00
2022-05-15T20:51:37.353518Z,1374269,36.01000000,0.00290000,sell,2022-05-15 20:51:37.353518+00:00
2022-05-15T20:51:37.353518Z,1374268,36.01000000,13.06970000,sell,2022-05-15 20:51:37.353518+00:00
2022-05-15T20:51:37.353357Z,1374267,36.01000000,0.25660000,sell,2022-05-15 20:51:37.353357+00:00
2022-05-15T20:51:37.344315Z,1374266,36.01000000,0.29120000,sell,2022-05-15 20:51:37.344315+00:00
2022-05-15T20:51:37.332709Z,1374265,36.01000000,0.23530000,sell,2022-05-15 20:51:37.332709+00:00
2022-05-15T20:51:37.26017Z,1374264,36.01000000,4.14190000,sell,2022-05-15 20:51:37.260170+00:00
2022-05-15T20:51:37.24826Z,1374263,36.01000000,40.00000000,sell,2022-05-15 20:51:37.248260+00:00
2022-05-15T20:51:37.226022Z,1374262,36.01000000,40.00000000,sell,2022-05-15 20:51:37.226022+00:00
2022-05-15T20:51:06.472696Z,1374261,35.95000000,0.13910000,buy,2022-05-15 20:51:06.472696+00:00
2022-05-15T20:50:34.524696Z,1374260,35.91000000,1.82430000,buy,2022-05-15 20:50:34.524696+00:00
2022-05-15T20:50:34.524696Z,1374259,35.91000000,2.19840000,buy,2022-05-15 20:50:34.524696+00:00
2022-05-15T20:49:36.592356Z,1374258,36.00000000,0.31010000,sell,2022-05-15 20:49:36.592356+00:00
2022-05-15T20:49:00.780876Z,1374257,36.01000000,6.22310000,sell,2022-05-15 20:49:00.780876+00:00
2022-05-15T20:48:43.98709Z,1374256,36.01000000,2.65710000,sell,2022-05-15 20:48:43.987090+00:00
2022-05-15T20:47:46.383276Z,1374255,36.00000000,0.02950000,sell,2022-05-15 20:47:46.383276+00:00
2022-05-15T20:46:07.754131Z,1374254,36.01000000,1.45540000,sell,2022-05-15 20:46:07.754131+00:00
2022-05-15T20:45:47.587827Z,1374253,35.99000000,8.17250000,sell,2022-05-15 20:45:47.587827+00:00
2022-05-15T20:44:56.627969Z,1374252,36.03000000,2.67830000,sell,2022-05-15 20:44:56.627969+00:00
2022-05-15T20:44:34.972753Z,1374251,35.96000000,0.26110000,buy,2022-05-15 20:44:34.972753+00:00
2022-05-15T20:44:28.052145Z,1374250,36.05000000,1.93700000,sell,2022-05-15 20:44:28.052145+00:00
2022-05-15T20:42:56.487644Z,1374249,36.06000000,1.33390000,sell,2022-05-15 20:42:56.487644+00:00
2022-05-15T20:42:53.96889Z,1374248,36.05000000,0.01060000,buy,2022-05-15 20:42:53.968890+00:00
2022-05-15T20:42:30.329225Z,1374247,36.06000000,5.89440000,buy,2022-05-15 20:42:30.329225+00:00
2022-05-15T20:42:28.060625Z,1374246,36.06000000,6.28080000,buy,2022-05-15 20:42:28.060625+00:00
2022-05-15T20:41:51.115594Z,1374245,36.12000000,5.63180000,sell,2022-05-15 20:41:51.115594+00:00
2022-05-15T20:41:44.085154Z,1374244,36.12000000,2.24590000,sell,2022-05-15 20:41:44.085154+00:00
2022-05-15T20:41:44.085154Z,1374243,36.11000000,1.96050000,sell,2022-05-15 20:41:44.085154+00:00
2022-05-15T20:41:44.085154Z,1374242,36.11000000,1.90080000,sell,2022-05-15 20:41:44.085154+00:00
2022-05-15T20:41:42.311956Z,1374241,36.09000000,1.35380000,sell,2022-05-15 20:41:42.311956+00:00
2022-05-15T20:41:41.041848Z,1374240,36.02000000,10.94640000,buy,2022-05-15 20:41:41.041848+00:00
2022-05-15T20:41:41.026279Z,1374239,36.02000000,6.25920000,buy,2022-05-15 20:41:41.026279+00:00
2022-05-15T20:41:37.545726Z,1374238,36.03000000,2.00050000,buy,2022-05-15 20:41:37.545726+00:00
2022-05-15T20:41:34.978706Z,1374237,36.02000000,6.04650000,buy,2022-05-15 20:41:34.978706+00:00
2022-05-15T20:41:34.978706Z,1374236,36.03000000,1.81590000,buy,2022-05-15 20:41:34.978706+00:00
2022-05-15T20:41:34.445913Z,1374235,36.03000000,2.03960000,buy,2022-05-15 20:41:34.445913+00:00
2022-05-15T20:41:33.914425Z,1374234,36.03000000,1.85400000,buy,2022-05-15 20:41:33.914425+00:00
2022-05-15T20:41:33.384031Z,1374233,36.03000000,1.91570000,buy,2022-05-15 20:41:33.384031+00:00
2022-05-15T20:41:29.736295Z,1374232,36.03000000,1.72560000,buy,2022-05-15 20:41:29.736295+00:00
2022-05-15T20:41:29.736295Z,1374231,36.03000000,4.49310000,buy,2022-05-15 20:41:29.736295+00:00
2022-05-15T20:41:29.204692Z,1374230,36.04000000,1.72560000,buy,2022-05-15 20:41:29.204692+00:00
2022-05-15T20:41:28.381802Z,1374229,36.06000000,5.48640000,buy,2022-05-15 20:41:28.381802+00:00
2022-05-15T20:41:27.843661Z,1374228,36.06000000,5.95200000,buy,2022-05-15 20:41:27.843661+00:00
2022-05-15T20:41:27.307446Z,1374227,36.06000000,5.76720000,buy,2022-05-15 20:41:27.307446+00:00
2022-05-15T20:41:17.610833Z,1374226,36.20000000,4.58100000,buy,2022-05-15 20:41:17.610833+00:00
2022-05-15T20:41:15.860091Z,1374225,36.16000000,0.03600000,sell,2022-05-15 20:41:15.860091+00:00
2022-05-15T20:41:15.856288Z,1374224,36.14000000,0.30310000,buy,2022-05-15 20:41:15.856288+00:00
2022-05-15T20:41:15.856288Z,1374223,36.14000000,0.30680000,buy,2022-05-15 20:41:15.856288+00:00
2022-05-15T20:41:15.856288Z,1374222,36.14000000,0.31380000,buy,2022-05-15 20:41:15.856288+00:00
2022-05-15T20:41:15.856288Z,1374221,36.14000000,0.27560000,buy,2022-05-15 20:41:15.856288+00:00
2022-05-15T20:41:15.856288Z,1374220,36.14000000,0.32930000,buy,2022-05-15 20:41:15.856288+00:00
2022-05-15T20:41:15.856288Z,1374219,36.14000000,0.28800000,buy,2022-05-15 20:41:15.856288+00:00
2022-05-15T20:41:15.856288Z,1374218,36.14000000,0.32230000,buy,2022-05-15 20:41:15.856288+00:00
2022-05-15T20:41:15.856288Z,1374217,36.14000000,0.31890000,buy,2022-05-15 20:41:15.856288+00:00
2022-05-15T20:41:15.85225Z,1374216,36.17000000,0.24030000,buy,2022-05-15 20:41:15.852250+00:00
2022-05-15T20:41:15.835764Z,1374215,36.17000000,0.24600000,sell,2022-05-15 20:41:15.835764+00:00
2022-05-15T20:41:15.835764Z,1374214,36.16000000,0.02270000,sell,2022-05-15 20:41:15.835764+00:00
2022-05-15T20:41:15.835712Z,1374213,36.16000000,0.27630000,buy,2022-05-15 20:41:15.835712+00:00
2022-05-15T20:41:15.831385Z,1374212,36.16000000,0.00120000,buy,2022-05-15 20:41:15.831385+00:00
2022-05-15T20:41:15.831385Z,1374211,36.16000000,0.01170000,buy,2022-05-15 20:41:15.831385+00:00
2022-05-15T20:41:15.826463Z,1374210,36.17000000,0.28400000,sell,2022-05-15 20:41:15.826463+00:00
2022-05-15T20:41:15.819312Z,1374209,36.16000000,0.02560000,buy,2022-05-15 20:41:15.819312+00:00
2022-05-15T20:41:15.814813Z,1374208,36.16000000,0.26170000,buy,2022-05-15 20:41:15.814813+00:00
2022-05-15T20:41:15.814813Z,1374207,36.16000000,0.03850000,buy,2022-05-15 20:41:15.814813+00:00
2022-05-15T20:41:15.806311Z,1374206,36.16000000,0.25310000,buy,2022-05-15 20:41:15.806311+00:00
2022-05-15T20:41:15.80283Z,1374205,36.16000000,0.00860000,buy,2022-05-15 20:41:15.802830+00:00
2022-05-15T20:41:15.80283Z,1374204,36.16000000,0.27870000,buy,2022-05-15 20:41:15.802830+00:00
2022-05-15T20:41:15.795691Z,1374203,36.16000000,0.02250000,buy,2022-05-15 20:41:15.795691+00:00
2022-05-15T20:41:15.791035Z,1374202,36.16000000,0.26170000,buy,2022-05-15 20:41:15.791035+00:00
2022-05-15T20:41:15.786819Z,1374201,36.16000000,0.28730000,buy,2022-05-15 20:41:15.786819+00:00
2022-05-15T20:41:15.778996Z,1374200,36.16000000,0.26170000,buy,2022-05-15 20:41:15.778996+00:00
2022-05-15T20:41:15.762606Z,1374199,36.16000000,0.34220000,buy,2022-05-15 20:41:15.762606+00:00
2022-05-15T20:41:15.281836Z,1374198,36.23000000,0.09480000,sell,2022-05-15 20:41:15.281836+00:00
2022-05-15T20:41:15.281836Z,1374197,36.17000000,11.83870000,sell,2022-05-15 20:41:15.281836+00:00
2022-05-15T20:41:15.281836Z,1374196,36.14000000,0.09480000,sell,2022-05-15 20:41:15.281836+00:00
2022-05-15T20:41:15.281836Z,1374195,36.09000000,10.44200000,sell,2022-05-15 20:41:15.281836+00:00
2022-05-15T20:41:15.281836Z,1374194,36.05000000,0.09500000,sell,2022-05-15 20:41:15.281836+00:00
2022-05-15T20:41:15.281836Z,1374193,35.99000000,12.36530000,sell,2022-05-15 20:41:15.281836+00:00
2022-05-15T20:41:15.281836Z,1374192,35.96000000,5.30850000,sell,2022-05-15 20:41:15.281836+00:00
2022-05-15T20:41:15.281836Z,1374191,35.95000000,2.11140000,sell,2022-05-15 20:41:15.281836+00:00
2022-05-15T20:41:15.281836Z,1374190,35.93000000,1.93970000,sell,2022-05-15 20:41:15.281836+00:00
2022-05-15T20:41:15.281836Z,1374189,35.92000000,70.00000000,sell,2022-05-15 20:41:15.281836+00:00
2022-05-15T20:41:15.281836Z,1374188,35.91000000,1.91780000,sell,2022-05-15 20:41:15.281836+00:00
2022-05-15T20:38:57.859383Z,1374187,35.88000000,1.00000000,sell,2022-05-15 20:38:57.859383+00:00
2022-05-15T20:37:42.624064Z,1374186,35.82000000,1.00000000,sell,2022-05-15 20:37:42.624064+00:00
2022-05-15T20:36:35.391856Z,1374185,35.72000000,0.04750000,buy,2022-05-15 20:36:35.391856+00:00
2022-05-15T20:36:33.78404Z,1374184,35.78000000,28.32720000,sell,2022-05-15 20:36:33.784040+00:00
2022-05-15T20:36:32.997918Z,1374183,35.78000000,41.67280000,sell,2022-05-15 20:36:32.997918+00:00
2022-05-15T20:34:57.006317Z,1374182,35.76000000,0.91250000,sell,2022-05-15 20:34:57.006317+00:00
2022-05-15T20:34:57.006317Z,1374181,35.76000000,0.10000000,sell,2022-05-15 20:34:57.006317+00:00
2022-05-15T20:33:49.699729Z,1374180,35.74000000,8.14140000,sell,2022-05-15 20:33:49.699729+00:00
2022-05-15T20:33:49.699729Z,1374179,35.73000000,4.00000000,sell,2022-05-15 20:33:49.699729+00:00
2022-05-15T20:33:49.699729Z,1374178,35.73000000,1.56960000,sell,2022-05-15 20:33:49.699729+00:00
2022-05-15T20:32:47.824508Z,1374177,35.76000000,18.94200000,sell,2022-05-15 20:32:47.824508+00:00
2022-05-15T20:32:47.824508Z,1374176,35.73000000,17.20560000,sell,2022-05-15 20:32:47.824508+00:00
2022-05-15T20:32:47.824508Z,1374175,35.72000000,4.00000000,sell,2022-05-15 20:32:47.824508+00:00
2022-05-15T20:32:47.824508Z,1374174,35.71000000,1.56960000,sell,2022-05-15 20:32:47.824508+00:00
2022-05-15T20:32:25.190712Z,1374173,35.62000000,6.07570000,buy,2022-05-15 20:32:25.190712+00:00
2022-05-15T20:32:25.190712Z,1374172,35.63000000,4.00000000,buy,2022-05-15 20:32:25.190712+00:00
2022-05-15T20:31:02.397262Z,1374171,35.55000000,2.64800000,buy,2022-05-15 20:31:02.397262+00:00
2022-05-15T20:31:02.397262Z,1374170,35.59000000,2.02500000,buy,2022-05-15 20:31:02.397262+00:00
2022-05-15T20:31:02.397262Z,1374169,35.62000000,2.17460000,buy,2022-05-15 20:31:02.397262+00:00
2022-05-15T20:31:02.397262Z,1374168,35.62000000,17.20560000,buy,2022-05-15 20:31:02.397262+00:00
2022-05-15T20:31:02.397262Z,1374167,35.63000000,1.56960000,buy,2022-05-15 20:31:02.397262+00:00
2022-05-15T20:31:02.397262Z,1374166,35.63000000,4.00000000,buy,2022-05-15 20:31:02.397262+00:00
2022-05-15T20:29:11.799327Z,1374165,35.74000000,0.08440000,buy,2022-05-15 20:29:11.799327+00:00
2022-05-15T20:28:53.135855Z,1374164,35.85000000,1.43570000,sell,2022-05-15 20:28:53.135855+00:00
2022-05-15T20:27:10.173391Z,1374163,35.78000000,0.08300000,sell,2022-05-15 20:27:10.173391+00:00
2022-05-15T20:27:10.159906Z,1374162,35.76000000,1.00890000,buy,2022-05-15 20:27:10.159906+00:00
2022-05-15T20:26:41.305631Z,1374161,35.87000000,1.00890000,sell,2022-05-15 20:26:41.305631+00:00
2022-05-15T20:26:39.880135Z,1374160,35.89000000,1.61820000,sell,2022-05-15 20:26:39.880135+00:00
2022-05-15T20:26:39.880135Z,1374159,35.89000000,0.08410000,sell,2022-05-15 20:26:39.880135+00:00
2022-05-15T20:26:39.880135Z,1374158,35.88000000,1.56960000,sell,2022-05-15 20:26:39.880135+00:00
2022-05-15T20:26:24.869381Z,1374157,35.85000000,20.82870000,sell,2022-05-15 20:26:24.869381+00:00
2022-05-15T20:26:24.869381Z,1374156,35.84000000,6.50640000,sell,2022-05-15 20:26:24.869381+00:00
2022-05-15T20:26:02.350486Z,1374155,35.86000000,1.62990000,sell,2022-05-15 20:26:02.350486+00:00
2022-05-15T20:25:17.648553Z,1374154,35.86000000,87.16390000,buy,2022-05-15 20:25:17.648553+00:00
2022-05-15T20:25:17.637464Z,1374153,35.86000000,1.56960000,sell,2022-05-15 20:25:17.637464+00:00
2022-05-15T20:24:36.431285Z,1374152,35.87000000,0.19340000,sell,2022-05-15 20:24:36.431285+00:00
2022-05-15T20:24:14.173378Z,1374151,35.89000000,27.30770000,sell,2022-05-15 20:24:14.173378+00:00
2022-05-15T20:24:14.173378Z,1374150,35.88000000,3.65000000,sell,2022-05-15 20:24:14.173378+00:00
2022-05-15T20:24:14.173378Z,1374149,35.84000000,1.83290000,sell,2022-05-15 20:24:14.173378+00:00
2022-05-15T20:24:14.173378Z,1374148,35.81000000,1.84210000,sell,2022-05-15 20:24:14.173378+00:00
2022-05-15T20:24:14.173378Z,1374147,35.80000000,1.56960000,sell,2022-05-15 20:24:14.173378+00:00
2022-05-15T20:24:14.173378Z,1374146,35.80000000,0.01000000,sell,2022-05-15 20:24:14.173378+00:00
2022-05-15T20:24:14.173378Z,1374145,35.73000000,0.05820000,sell,2022-05-15 20:24:14.173378+00:00
2022-05-15T20:24:07.269042Z,1374144,35.73000000,0.05420000,sell,2022-05-15 20:24:07.269042+00:00
2022-05-15T20:23:29.341801Z,1374143,35.73000000,0.02090000,sell,2022-05-15 20:23:29.341801+00:00
2022-05-15T20:22:14.065242Z,1374142,35.71000000,1.05880000,sell,2022-05-15 20:22:14.065242+00:00
2022-05-15T20:21:57.996552Z,1374141,35.71000000,0.97550000,sell,2022-05-15 20:21:57.996552+00:00
2022-05-15T20:21:55.525725Z,1374140,35.73000000,0.51580000,sell,2022-05-15 20:21:55.525725+00:00
2022-05-15T20:21:50.423142Z,1374139,35.71000000,1.01880000,sell,2022-05-15 20:21:50.423142+00:00
2022-05-15T20:21:41.429987Z,1374138,35.71000000,0.07440000,sell,2022-05-15 20:21:41.429987+00:00
2022-05-15T20:21:41.068344Z,1374137,35.68000000,20.47270000,buy,2022-05-15 20:21:41.068344+00:00
2022-05-15T20:21:41.051869Z,1374136,35.65000000,6.62250000,sell,2022-05-15 20:21:41.051869+00:00
2022-05-15T20:20:25.292548Z,1374135,35.68000000,2.57490000,sell,2022-05-15 20:20:25.292548+00:00
2022-05-15T20:20:25.292548Z,1374134,35.66000000,1.56960000,sell,2022-05-15 20:20:25.292548+00:00
2022-05-15T20:20:25.252373Z,1374133,35.63000000,2.47800000,sell,2022-05-15 20:20:25.252373+00:00
2022-05-15T20:19:48.553176Z,1374132,35.51000000,11.83330000,buy,2022-05-15 20:19:48.553176+00:00
2022-05-15T20:19:48.553176Z,1374131,35.52000000,1.56960000,buy,2022-05-15 20:19:48.553176+00:00
2022-05-15T20:19:48.553176Z,1374130,35.52000000,2.37390000,buy,2022-05-15 20:19:48.553176+00:00
2022-05-15T20:19:48.553176Z,1374129,35.52000000,4.00000000,buy,2022-05-15 20:19:48.553176+00:00
2022-05-15T20:19:34.972945Z,1374128,35.58000000,0.08300000,buy,2022-05-15 20:19:34.972945+00:00
2022-05-15T20:19:23.839109Z,1374127,35.61000000,0.49980000,sell,2022-05-15 20:19:23.839109+00:00
2022-05-15T20:18:22.017632Z,1374126,35.48000000,1.03790000,buy,2022-05-15 20:18:22.017632+00:00
2022-05-15T20:18:04.327008Z,1374125,35.45000000,0.07920000,sell,2022-05-15 20:18:04.327008+00:00
2022-05-15T20:17:20.648342Z,1374124,35.36000000,0.05940000,buy,2022-05-15 20:17:20.648342+00:00
2022-05-15T20:16:29.55528Z,1374123,35.56000000,0.55380000,sell,2022-05-15 20:16:29.555280+00:00
2022-05-15T20:16:29.55528Z,1374122,35.54000000,0.47840000,sell,2022-05-15 20:16:29.555280+00:00
2022-05-15T20:16:29.539698Z,1374121,35.54000000,1.09120000,sell,2022-05-15 20:16:29.539698+00:00
2022-05-15T20:15:53.557757Z,1374120,35.39000000,0.55360000,sell,2022-05-15 20:15:53.557757+00:00
2022-05-15T20:14:48.178004Z,1374119,35.29000000,1.55390000,buy,2022-05-15 20:14:48.178004+00:00
2022-05-15T20:14:27.86739Z,1374118,35.30000000,0.50000000,sell,2022-05-15 20:14:27.867390+00:00
2022-05-15T20:14:26.878934Z,1374117,35.30000000,0.50000000,sell,2022-05-15 20:14:26.878934+00:00
2022-05-15T20:14:26.405668Z,1374116,35.30000000,0.01180000,sell,2022-05-15 20:14:26.405668+00:00
2022-05-15T20:13:35.330122Z,1374115,35.18000000,13.09680000,sell,2022-05-15 20:13:35.330122+00:00
2022-05-15T20:13:35.209383Z,1374114,35.18000000,56.90320000,sell,2022-05-15 20:13:35.209383+00:00
2022-05-15T20:13:35.209383Z,1374113,35.17000000,13.09680000,sell,2022-05-15 20:13:35.209383+00:00
2022-05-15T20:13:15.794073Z,1374112,35.13000000,5.54840000,sell,2022-05-15 20:13:15.794073+00:00
2022-05-15T20:12:56.9483Z,1374111,35.08000000,2.78580000,sell,2022-05-15 20:12:56.948300+00:00
2022-05-15T20:12:53.757813Z,1374110,35.03000000,3.58260000,sell,2022-05-15 20:12:53.757813+00:00
2022-05-15T20:12:52.35657Z,1374109,35.02000000,17.20560000,sell,2022-05-15 20:12:52.356570+00:00
2022-05-15T20:12:38.083104Z,1374108,34.92000000,0.08940000,buy,2022-05-15 20:12:38.083104+00:00
2022-05-15T20:06:47.614175Z,1374107,34.97000000,4.96240000,buy,2022-05-15 20:06:47.614175+00:00
2022-05-15T20:05:26.411566Z,1374106,35.03000000,1.41740000,sell,2022-05-15 20:05:26.411566+00:00
2022-05-15T20:01:48.382001Z,1374105,35.03000000,3.11000000,sell,2022-05-15 20:01:48.382001+00:00
2022-05-15T20:01:48.382001Z,1374104,35.02000000,4.00000000,sell,2022-05-15 20:01:48.382001+00:00
2022-05-15T20:00:43.228178Z,1374103,35.03000000,0.90800000,sell,2022-05-15 20:00:43.228178+00:00
2022-05-15T20:00:43.228178Z,1374102,35.03000000,17.20560000,sell,2022-05-15 20:00:43.228178+00:00
2022-05-15T20:00:43.228178Z,1374101,35.02000000,1.88640000,sell,2022-05-15 20:00:43.228178+00:00
2022-05-15T20:00:34.411301Z,1374100,35.04000000,0.01840000,sell,2022-05-15 20:00:34.411301+00:00
2022-05-15T19:59:43.839953Z,1374099,35.04000000,2.20640000,sell,2022-05-15 19:59:43.839953+00:00
2022-05-15T19:59:43.839953Z,1374098,35.03000000,1.79360000,sell,2022-05-15 19:59:43.839953+00:00
2022-05-15T19:57:29.747968Z,1374097,34.92000000,0.00560000,buy,2022-05-15 19:57:29.747968+00:00
2022-05-15T19:57:29.055062Z,1374096,34.92000000,0.01350000,buy,2022-05-15 19:57:29.055062+00:00
2022-05-15T19:52:57.556782Z,1374095,34.81000000,1.04090000,buy,2022-05-15 19:52:57.556782+00:00
2022-05-15T19:50:21.291802Z,1374094,34.93000000,0.25650000,sell,2022-05-15 19:50:21.291802+00:00
2022-05-15T19:48:21.246323Z,1374093,34.95000000,0.70020000,sell,2022-05-15 19:48:21.246323+00:00
2022-05-15T19:47:16.613811Z,1374092,34.82000000,1.00600000,buy,2022-05-15 19:47:16.613811+00:00
2022-05-15T19:46:40.021349Z,1374091,34.81000000,0.01210000,buy,2022-05-15 19:46:40.021349+00:00
2022-05-15T19:45:10.795743Z,1374090,34.72000000,1.45860000,buy,2022-05-15 19:45:10.795743+00:00
2022-05-15T19:44:25.287635Z,1374089,34.72000000,2.11600000,buy,2022-05-15 19:44:25.287635+00:00
2022-05-15T19:44:25.287635Z,1374088,34.72000000,2.02510000,buy,2022-05-15 19:44:25.287635+00:00
2022-05-15T19:44:25.287635Z,1374087,34.73000000,1.74240000,buy,2022-05-15 19:44:25.287635+00:00
2022-05-15T19:44:25.287635Z,1374086,34.74000000,2.72850000,buy,2022-05-15 19:44:25.287635+00:00
2022-05-15T19:37:33.271548Z,1374085,34.77000000,0.94680000,buy,2022-05-15 19:37:33.271548+00:00
2022-05-15T19:36:43.647154Z,1374084,34.90000000,0.70190000,sell,2022-05-15 19:36:43.647154+00:00
2022-05-15T19:35:46.084835Z,1374083,34.78000000,1.22290000,buy,2022-05-15 19:35:46.084835+00:00
2022-05-15T19:35:46.084835Z,1374082,34.78000000,1.73810000,buy,2022-05-15 19:35:46.084835+00:00
2022-05-15T19:35:45.958626Z,1374081,34.78000000,0.00430000,buy,2022-05-15 19:35:45.958626+00:00
2022-05-15T19:33:17.032745Z,1374080,34.85000000,0.28150000,sell,2022-05-15 19:33:17.032745+00:00
2022-05-15T19:32:12.456343Z,1374079,34.83000000,0.35060000,buy,2022-05-15 19:32:12.456343+00:00
2022-05-15T19:32:02.14659Z,1374078,34.83000000,44.12700000,sell,2022-05-15 19:32:02.146590+00:00
2022-05-15T19:32:02.133719Z,1374077,34.84000000,17.20560000,buy,2022-05-15 19:32:02.133719+00:00
2022-05-15T19:32:02.133719Z,1374076,34.85000000,4.00000000,buy,2022-05-15 19:32:02.133719+00:00
2022-05-15T19:32:02.133719Z,1374075,34.86000000,2.92500000,buy,2022-05-15 19:32:02.133719+00:00
2022-05-15T19:32:02.133719Z,1374074,34.86000000,1.74240000,buy,2022-05-15 19:32:02.133719+00:00
2022-05-15T19:31:11.647837Z,1374073,35.07000000,0.10390000,sell,2022-05-15 19:31:11.647837+00:00
2022-05-15T19:30:21.195286Z,1374072,35.10000000,0.07920000,sell,2022-05-15 19:30:21.195286+00:00
2022-05-15T19:30:21.195286Z,1374071,35.10000000,1.94620000,sell,2022-05-15 19:30:21.195286+00:00
2022-05-15T19:30:21.195286Z,1374070,35.05000000,0.07650000,sell,2022-05-15 19:30:21.195286+00:00
2022-05-15T19:30:21.195286Z,1374069,35.05000000,0.01140000,sell,2022-05-15 19:30:21.195286+00:00
2022-05-15T19:29:13.424336Z,1374068,35.03000000,16.49570000,buy,2022-05-15 19:29:13.424336+00:00
2022-05-15T19:29:13.420638Z,1374067,35.03000000,0.34000000,buy,2022-05-15 19:29:13.420638+00:00
2022-05-15T19:29:13.409038Z,1374066,35.03000000,0.36990000,buy,2022-05-15 19:29:13.409038+00:00
2022-05-15T19:29:04.022762Z,1374065,35.01000000,0.79340000,buy,2022-05-15 19:29:04.022762+00:00
2022-05-15T19:29:04.008007Z,1374064,35.01000000,0.78550000,buy,2022-05-15 19:29:04.008007+00:00
2022-05-15T19:28:26.437824Z,1374063,35.03000000,0.54020000,buy,2022-05-15 19:28:26.437824+00:00
2022-05-15T19:28:26.425612Z,1374062,35.03000000,0.49630000,buy,2022-05-15 19:28:26.425612+00:00
2022-05-15T19:28:26.413437Z,1374061,35.03000000,0.45160000,buy,2022-05-15 19:28:26.413437+00:00
2022-05-15T19:28:26.401562Z,1374060,35.03000000,0.49890000,buy,2022-05-15 19:28:26.401562+00:00
2022-05-15T19:28:26.388983Z,1374059,35.03000000,0.53330000,buy,2022-05-15 19:28:26.388983+00:00
2022-05-15T19:27:47.163199Z,1374058,35.02000000,0.08070000,buy,2022-05-15 19:27:47.163199+00:00
2022-05-15T19:27:28.191555Z,1374057,35.09000000,18.32410000,sell,2022-05-15 19:27:28.191555+00:00
2022-05-15T19:26:58.765357Z,1374056,35.05000000,10.00000000,sell,2022-05-15 19:26:58.765357+00:00
2022-05-15T19:26:27.211555Z,1374055,34.96000000,0.08030000,buy,2022-05-15 19:26:27.211555+00:00
2022-05-15T19:26:27.211555Z,1374054,34.96000000,0.01140000,buy,2022-05-15 19:26:27.211555+00:00
2022-05-15T19:25:02.483415Z,1374053,35.05000000,3.55890000,sell,2022-05-15 19:25:02.483415+00:00
2022-05-15T19:23:00.482671Z,1374052,35.05000000,1.44200000,sell,2022-05-15 19:23:00.482671+00:00
2022-05-15T19:23:00.482671Z,1374051,35.04000000,2.82480000,sell,2022-05-15 19:23:00.482671+00:00
2022-05-15T19:22:53.637299Z,1374050,34.97000000,15.79150000,sell,2022-05-15 19:22:53.637299+00:00
2022-05-15T19:21:58.814928Z,1374049,34.99000000,2.25760000,sell,2022-05-15 19:21:58.814928+00:00
2022-05-15T19:21:11.962356Z,1374048,34.97000000,10.00000000,sell,2022-05-15 19:21:11.962356+00:00
2022-05-15T19:21:01.983276Z,1374047,34.98000000,0.36440000,sell,2022-05-15 19:21:01.983276+00:00
2022-05-15T19:20:57.719669Z,1374046,35.00000000,4.59890000,buy,2022-05-15 19:20:57.719669+00:00
2022-05-15T19:20:57.703856Z,1374045,34.99000000,10.12380000,sell,2022-05-15 19:20:57.703856+00:00
2022-05-15T19:20:57.703856Z,1374044,34.97000000,2.00740000,sell,2022-05-15 19:20:57.703856+00:00
2022-05-15T19:20:57.703856Z,1374043,34.96000000,4.00000000,sell,2022-05-15 19:20:57.703856+00:00
2022-05-15T19:20:57.703856Z,1374042,34.96000000,5.71750000,sell,2022-05-15 19:20:57.703856+00:00
2022-05-15T19:20:57.703856Z,1374041,34.95000000,1.96840000,sell,2022-05-15 19:20:57.703856+00:00
2022-05-15T19:20:57.703856Z,1374040,34.95000000,1.58400000,sell,2022-05-15 19:20:57.703856+00:00
2022-05-15T19:20:55.54338Z,1374039,34.94000000,1.45860000,sell,2022-05-15 19:20:55.543380+00:00
2022-05-15T19:19:01.494644Z,1374038,34.82000000,0.00480000,sell,2022-05-15 19:19:01.494644+00:00
2022-05-15T19:16:36.356235Z,1374037,34.75000000,0.05280000,sell,2022-05-15 19:16:36.356235+00:00
2022-05-15T19:13:54.872852Z,1374036,34.66000000,4.75710000,buy,2022-05-15 19:13:54.872852+00:00
2022-05-15T19:13:54.872852Z,1374035,34.67000000,4.00000000,buy,2022-05-15 19:13:54.872852+00:00
2022-05-15T19:10:06.708583Z,1374034,34.73000000,3.01460000,sell,2022-05-15 19:10:06.708583+00:00
2022-05-15T19:09:39.967666Z,1374033,34.72000000,6.84950000,sell,2022-05-15 19:09:39.967666+00:00
2022-05-15T19:09:39.967666Z,1374032,34.71000000,1.43760000,sell,2022-05-15 19:09:39.967666+00:00
2022-05-15T19:09:39.967666Z,1374031,34.71000000,10.46250000,sell,2022-05-15 19:09:39.967666+00:00
2022-05-15T19:09:39.967666Z,1374030,34.71000000,5.26070000,sell,2022-05-15 19:09:39.967666+00:00
2022-05-15T19:09:39.967666Z,1374029,34.69000000,17.46240000,sell,2022-05-15 19:09:39.967666+00:00
2022-05-15T19:09:39.967666Z,1374028,34.68000000,2.25000000,sell,2022-05-15 19:09:39.967666+00:00
2022-05-15T19:09:13.15648Z,1374027,34.75000000,0.01730000,buy,2022-05-15 19:09:13.156480+00:00
2022-05-15T19:09:13.148661Z,1374026,34.75000000,0.44680000,buy,2022-05-15 19:09:13.148661+00:00
2022-05-15T19:09:13.148661Z,1374025,34.75000000,0.46200000,buy,2022-05-15 19:09:13.148661+00:00
2022-05-15T19:09:13.132767Z,1374024,34.75000000,0.44680000,buy,2022-05-15 19:09:13.132767+00:00
2022-05-15T19:09:13.125776Z,1374023,34.75000000,0.28100000,buy,2022-05-15 19:09:13.125776+00:00
2022-05-15T19:09:13.117861Z,1374022,34.75000000,0.15110000,buy,2022-05-15 19:09:13.117861+00:00
2022-05-15T19:09:13.109935Z,1374021,34.75000000,0.24310000,buy,2022-05-15 19:09:13.109935+00:00
2022-05-15T19:09:13.101889Z,1374020,34.75000000,0.15110000,buy,2022-05-15 19:09:13.101889+00:00
2022-05-15T19:09:13.090295Z,1374019,34.74000000,1.62390000,buy,2022-05-15 19:09:13.090295+00:00
2022-05-15T19:09:13.090295Z,1374018,34.75000000,0.15110000,buy,2022-05-15 19:09:13.090295+00:00
2022-05-15T19:09:13.083094Z,1374017,34.75000000,0.24110000,buy,2022-05-15 19:09:13.083094+00:00
2022-05-15T19:09:13.074326Z,1374016,34.74000000,0.01620000,buy,2022-05-15 19:09:13.074326+00:00
2022-05-15T19:09:13.066181Z,1374015,34.74000000,1.87560000,buy,2022-05-15 19:09:13.066181+00:00
2022-05-15T19:09:13.062399Z,1374014,34.74000000,0.24110000,buy,2022-05-15 19:09:13.062399+00:00
2022-05-15T19:09:13.062399Z,1374013,34.74000000,1.87560000,buy,2022-05-15 19:09:13.062399+00:00
2022-05-15T19:09:13.046178Z,1374012,34.74000000,2.11670000,buy,2022-05-15 19:09:13.046178+00:00
2022-05-15T19:09:13.029904Z,1374011,34.74000000,2.28430000,buy,2022-05-15 19:09:13.029904+00:00
2022-05-15T19:09:12.911283Z,1374010,34.72000000,0.72990000,buy,2022-05-15 19:09:12.911283+00:00
2022-05-15T19:08:46.451011Z,1374009,34.61000000,1.00880000,buy,2022-05-15 19:08:46.451011+00:00
2022-05-15T19:08:22.737304Z,1374008,34.69000000,3.18310000,sell,2022-05-15 19:08:22.737304+00:00
2022-05-15T19:08:22.737304Z,1374007,34.69000000,5.21200000,sell,2022-05-15 19:08:22.737304+00:00
2022-05-15T19:08:22.737304Z,1374006,34.68000000,4.00000000,sell,2022-05-15 19:08:22.737304+00:00
2022-05-15T19:07:06.950429Z,1374005,34.60000000,1.00000000,sell,2022-05-15 19:07:06.950429+00:00
2022-05-15T19:05:06.888561Z,1374004,34.59000000,10.20370000,sell,2022-05-15 19:05:06.888561+00:00
2022-05-15T19:04:21.123113Z,1374003,34.60000000,0.02800000,sell,2022-05-15 19:04:21.123113+00:00
2022-05-15T19:02:25.853252Z,1374002,34.53000000,28.53760000,buy,2022-05-15 19:02:25.853252+00:00
2022-05-15T19:02:25.853252Z,1374001,34.56000000,17.46240000,buy,2022-05-15 19:02:25.853252+00:00
2022-05-15T19:00:33.285444Z,1374000,34.59000000,0.00640000,sell,2022-05-15 19:00:33.285444+00:00
2022-05-15T18:58:40.666363Z,1373999,34.55000000,1.02120000,buy,2022-05-15 18:58:40.666363+00:00
2022-05-15T18:58:40.666363Z,1373998,34.55000000,1.43760000,buy,2022-05-15 18:58:40.666363+00:00
2022-05-15T18:57:57.570543Z,1373997,34.54000000,0.87570000,buy,2022-05-15 18:57:57.570543+00:00
2022-05-15T18:55:35.393672Z,1373996,34.60000000,1.00000000,sell,2022-05-15 18:55:35.393672+00:00
2022-05-15T18:55:21.058517Z,1373995,34.58000000,4.00000000,sell,2022-05-15 18:55:21.058517+00:00
2022-05-15T18:55:09.263709Z,1373994,34.51000000,0.00390000,sell,2022-05-15 18:55:09.263709+00:00
2022-05-15T18:55:09.263709Z,1373993,34.51000000,4.60460000,sell,2022-05-15 18:55:09.263709+00:00
2022-05-15T18:55:03.895643Z,1373992,34.45000000,2.20020000,buy,2022-05-15 18:55:03.895643+00:00
2022-05-15T18:54:41.505056Z,1373991,34.45000000,0.29180000,buy,2022-05-15 18:54:41.505056+00:00
2022-05-15T18:54:32.284111Z,1373990,34.42000000,0.00480000,buy,2022-05-15 18:54:32.284111+00:00
2022-05-15T18:54:32.270047Z,1373989,34.43000000,2.52270000,sell,2022-05-15 18:54:32.270047+00:00
2022-05-15T18:54:32.25728Z,1373988,34.43000000,2.15680000,buy,2022-05-15 18:54:32.257280+00:00
2022-05-15T18:54:32.25728Z,1373987,34.43000000,0.08030000,buy,2022-05-15 18:54:32.257280+00:00
2022-05-15T18:54:32.213697Z,1373986,34.46000000,4.60460000,sell,2022-05-15 18:54:32.213697+00:00
2022-05-15T18:54:21.606275Z,1373985,34.39000000,5.57800000,buy,2022-05-15 18:54:21.606275+00:00
2022-05-15T18:54:21.606275Z,1373984,34.40000000,4.00000000,buy,2022-05-15 18:54:21.606275+00:00
2022-05-15T18:52:16.560346Z,1373983,34.37000000,3.56240000,buy,2022-05-15 18:52:16.560346+00:00
2022-05-15T18:52:16.560346Z,1373982,34.37000000,1.43760000,buy,2022-05-15 18:52:16.560346+00:00
2022-05-15T18:51:10.884575Z,1373981,34.34000000,0.10660000,buy,2022-05-15 18:51:10.884575+00:00
2022-05-15T18:49:10.489178Z,1373980,34.45000000,1.23800000,buy,2022-05-15 18:49:10.489178+00:00
2022-05-15T18:48:35.429026Z,1373979,34.55000000,0.40660000,sell,2022-05-15 18:48:35.429026+00:00
2022-05-15T18:48:35.42045Z,1373978,34.55000000,0.38640000,sell,2022-05-15 18:48:35.420450+00:00
2022-05-15T18:48:35.406061Z,1373977,34.55000000,0.40220000,sell,2022-05-15 18:48:35.406061+00:00
2022-05-15T18:48:35.394901Z,1373976,34.55000000,0.35210000,sell,2022-05-15 18:48:35.394901+00:00
2022-05-15T18:48:35.387004Z,1373975,34.55000000,0.41980000,sell,2022-05-15 18:48:35.387004+00:00
2022-05-15T18:48:35.371967Z,1373974,34.55000000,0.37710000,sell,2022-05-15 18:48:35.371967+00:00
2022-05-15T18:48:34.424286Z,1373973,34.61000000,0.52900000,buy,2022-05-15 18:48:34.424286+00:00
2022-05-15T18:48:34.424286Z,1373972,34.61000000,0.14620000,buy,2022-05-15 18:48:34.424286+00:00
2022-05-15T18:48:34.420211Z,1373971,34.62000000,0.53010000,buy,2022-05-15 18:48:34.420211+00:00
2022-05-15T18:48:34.40528Z,1373970,34.62000000,0.57580000,buy,2022-05-15 18:48:34.405280+00:00
2022-05-15T18:48:34.395727Z,1373969,34.62000000,0.56110000,buy,2022-05-15 18:48:34.395727+00:00
2022-05-15T18:48:34.383423Z,1373968,34.62000000,0.57690000,buy,2022-05-15 18:48:34.383423+00:00
2022-05-15T18:48:34.376113Z,1373967,34.62000000,0.55260000,buy,2022-05-15 18:48:34.376113+00:00
2022-05-15T18:48:34.364446Z,1373966,34.62000000,0.49450000,buy,2022-05-15 18:48:34.364446+00:00
2022-05-15T18:48:34.356489Z,1373965,34.62000000,0.21780000,buy,2022-05-15 18:48:34.356489+00:00
2022-05-15T18:48:34.348562Z,1373964,34.62000000,0.15320000,buy,2022-05-15 18:48:34.348562+00:00
2022-05-15T18:48:34.344467Z,1373963,34.62000000,0.14620000,buy,2022-05-15 18:48:34.344467+00:00
2022-05-15T18:48:34.344467Z,1373962,34.62000000,0.36360000,buy,2022-05-15 18:48:34.344467+00:00
2022-05-15T18:48:34.337683Z,1373961,34.62000000,0.00410000,buy,2022-05-15 18:48:34.337683+00:00
2022-05-15T18:48:34.329357Z,1373960,34.62000000,0.14210000,buy,2022-05-15 18:48:34.329357+00:00
2022-05-15T18:48:34.329357Z,1373959,34.62000000,0.08750000,buy,2022-05-15 18:48:34.329357+00:00
2022-05-15T18:48:34.325473Z,1373958,34.62000000,0.29940000,buy,2022-05-15 18:48:34.325473+00:00
2022-05-15T18:48:34.317477Z,1373957,34.62000000,0.14620000,buy,2022-05-15 18:48:34.317477+00:00
2022-05-15T18:48:34.308919Z,1373956,34.61000000,0.29940000,buy,2022-05-15 18:48:34.308919+00:00
2022-05-15T18:48:34.305414Z,1373955,34.61000000,0.17780000,buy,2022-05-15 18:48:34.305414+00:00
2022-05-15T18:48:34.294624Z,1373954,34.61000000,0.29940000,buy,2022-05-15 18:48:34.294624+00:00
2022-05-15T18:48:34.294624Z,1373953,34.61000000,0.22570000,buy,2022-05-15 18:48:34.294624+00:00
2022-05-15T18:48:34.290946Z,1373952,34.61000000,0.29940000,buy,2022-05-15 18:48:34.290946+00:00
2022-05-15T18:48:34.274267Z,1373951,34.61000000,0.29940000,buy,2022-05-15 18:48:34.274267+00:00
2022-05-15T18:48:34.26159Z,1373950,34.61000000,0.20110000,sell,2022-05-15 18:48:34.261590+00:00
2022-05-15T18:48:34.250115Z,1373949,34.61000000,0.53890000,sell,2022-05-15 18:48:34.250115+00:00
2022-05-15T18:48:34.239022Z,1373948,34.61000000,0.44880000,sell,2022-05-15 18:48:34.239022+00:00
2022-05-15T18:48:34.227691Z,1373947,34.61000000,0.49210000,sell,2022-05-15 18:48:34.227691+00:00
2022-05-15T18:48:34.215817Z,1373946,34.61000000,0.48420000,sell,2022-05-15 18:48:34.215817+00:00
2022-05-15T18:48:33.773659Z,1373945,34.59000000,3.78440000,buy,2022-05-15 18:48:33.773659+00:00
2022-05-15T18:48:33.758627Z,1373944,34.60000000,3.78440000,buy,2022-05-15 18:48:33.758627+00:00
2022-05-15T18:48:33.754336Z,1373943,34.60000000,7.00970000,buy,2022-05-15 18:48:33.754336+00:00
2022-05-15T18:48:33.739684Z,1373942,34.61000000,3.78440000,buy,2022-05-15 18:48:33.739684+00:00
2022-05-15T18:48:33.735908Z,1373941,34.61000000,2.16510000,buy,2022-05-15 18:48:33.735908+00:00
2022-05-15T18:48:33.73195Z,1373940,34.61000000,7.00970000,buy,2022-05-15 18:48:33.731950+00:00
2022-05-15T18:48:20.409202Z,1373939,34.63000000,0.22730000,sell,2022-05-15 18:48:20.409202+00:00
2022-05-15T18:48:20.409202Z,1373938,34.59000000,0.06080000,sell,2022-05-15 18:48:20.409202+00:00
2022-05-15T18:45:02.678136Z,1373937,34.58000000,0.47240000,buy,2022-05-15 18:45:02.678136+00:00
2022-05-15T18:45:02.634997Z,1373936,34.58000000,0.44680000,buy,2022-05-15 18:45:02.634997+00:00
2022-05-15T18:45:02.617682Z,1373935,34.58000000,0.46600000,buy,2022-05-15 18:45:02.617682+00:00
2022-05-15T18:45:02.595724Z,1373934,34.58000000,0.51730000,buy,2022-05-15 18:45:02.595724+00:00
2022-05-15T18:45:02.575055Z,1373933,34.58000000,0.57440000,buy,2022-05-15 18:45:02.575055+00:00
2022-05-15T18:45:02.525614Z,1373932,34.58000000,3.41600000,buy,2022-05-15 18:45:02.525614+00:00
2022-05-15T18:45:02.433864Z,1373931,34.58000000,0.59530000,buy,2022-05-15 18:45:02.433864+00:00
2022-05-15T18:45:02.415039Z,1373930,34.58000000,0.50860000,buy,2022-05-15 18:45:02.415039+00:00
2022-05-15T18:45:02.395272Z,1373929,34.58000000,0.56610000,buy,2022-05-15 18:45:02.395272+00:00
2022-05-15T18:45:02.38139Z,1373928,34.58000000,0.57860000,buy,2022-05-15 18:45:02.381390+00:00
2022-05-15T18:45:02.276294Z,1373927,34.58000000,0.82260000,buy,2022-05-15 18:45:02.276294+00:00
2022-05-15T18:45:02.258336Z,1373926,34.58000000,0.77950000,buy,2022-05-15 18:45:02.258336+00:00
2022-05-15T18:45:02.240713Z,1373925,34.58000000,0.63230000,buy,2022-05-15 18:45:02.240713+00:00
2022-05-15T18:43:50.913843Z,1373924,34.52000000,0.01690000,sell,2022-05-15 18:43:50.913843+00:00
2022-05-15T18:41:46.160854Z,1373923,34.55000000,2.00000000,sell,2022-05-15 18:41:46.160854+00:00
2022-05-15T18:41:25.171138Z,1373922,34.55000000,0.31280000,buy,2022-05-15 18:41:25.171138+00:00
2022-05-15T18:41:25.136321Z,1373921,34.55000000,0.34080000,buy,2022-05-15 18:41:25.136321+00:00
2022-05-15T18:41:17.754086Z,1373920,34.59000000,1.47600000,sell,2022-05-15 18:41:17.754086+00:00
2022-05-15T18:34:44.316228Z,1373919,34.51000000,3.38940000,sell,2022-05-15 18:34:44.316228+00:00
2022-05-15T18:31:54.225738Z,1373918,34.47000000,0.08460000,sell,2022-05-15 18:31:54.225738+00:00
2022-05-15T18:31:54.21106Z,1373917,34.51000000,0.54720000,sell,2022-05-15 18:31:54.211060+00:00
2022-05-15T18:31:05.677097Z,1373916,34.57000000,0.47120000,sell,2022-05-15 18:31:05.677097+00:00
2022-05-15T18:31:05.664759Z,1373915,34.57000000,0.46500000,sell,2022-05-15 18:31:05.664759+00:00
2022-05-15T18:31:05.652974Z,1373914,34.58000000,0.53410000,sell,2022-05-15 18:31:05.652974+00:00
2022-05-15T18:31:05.642052Z,1373913,34.58000000,0.03470000,sell,2022-05-15 18:31:05.642052+00:00
2022-05-15T18:31:05.642052Z,1373912,34.57000000,0.44680000,sell,2022-05-15 18:31:05.642052+00:00
2022-05-15T18:31:05.642042Z,1373911,34.42000000,0.40000000,buy,2022-05-15 18:31:05.642042+00:00
2022-05-15T18:31:05.641984Z,1373910,34.56000000,0.89970000,buy,2022-05-15 18:31:05.641984+00:00
2022-05-15T18:31:05.641984Z,1373909,34.56000000,0.11970000,buy,2022-05-15 18:31:05.641984+00:00
2022-05-15T18:31:05.634422Z,1373908,34.57000000,1.13080000,buy,2022-05-15 18:31:05.634422+00:00
2022-05-15T18:31:05.630503Z,1373907,34.58000000,0.48790000,sell,2022-05-15 18:31:05.630503+00:00
2022-05-15T18:31:05.630418Z,1373906,34.57000000,0.14850000,buy,2022-05-15 18:31:05.630418+00:00
2022-05-15T18:31:05.619062Z,1373905,34.57000000,0.95300000,buy,2022-05-15 18:31:05.619062+00:00
2022-05-15T18:31:05.619062Z,1373904,34.57000000,0.62460000,buy,2022-05-15 18:31:05.619062+00:00
2022-05-15T18:31:05.615117Z,1373903,34.57000000,0.46120000,buy,2022-05-15 18:31:05.615117+00:00
2022-05-15T18:31:05.598872Z,1373902,34.56000000,0.55820000,buy,2022-05-15 18:31:05.598872+00:00
2022-05-15T18:31:05.598872Z,1373901,34.57000000,1.01940000,buy,2022-05-15 18:31:05.598872+00:00
2022-05-15T18:31:05.583482Z,1373900,34.56000000,0.27020000,buy,2022-05-15 18:31:05.583482+00:00
2022-05-15T18:31:05.583482Z,1373899,34.57000000,0.80420000,buy,2022-05-15 18:31:05.583482+00:00
2022-05-15T18:31:05.575514Z,1373898,34.56000000,0.97970000,buy,2022-05-15 18:31:05.575514+00:00
2022-05-15T18:31:05.562606Z,1373897,34.56000000,1.07440000,buy,2022-05-15 18:31:05.562606+00:00
2022-05-15T18:31:05.544295Z,1373896,34.56000000,0.90520000,buy,2022-05-15 18:31:05.544295+00:00
2022-05-15T18:31:05.53216Z,1373895,34.56000000,0.01010000,sell,2022-05-15 18:31:05.532160+00:00
2022-05-15T18:31:05.22188Z,1373894,34.45000000,3.93660000,sell,2022-05-15 18:31:05.221880+00:00
2022-05-15T18:30:54.815396Z,1373893,34.44000000,6.33970000,sell,2022-05-15 18:30:54.815396+00:00
2022-05-15T18:30:54.815396Z,1373892,34.43000000,2.20000000,sell,2022-05-15 18:30:54.815396+00:00
2022-05-15T18:29:26.527825Z,1373891,34.30000000,0.39230000,buy,2022-05-15 18:29:26.527825+00:00
2022-05-15T18:28:35.796658Z,1373890,34.37000000,1.64000000,sell,2022-05-15 18:28:35.796658+00:00
2022-05-15T18:28:35.796658Z,1373889,34.37000000,1.77600000,sell,2022-05-15 18:28:35.796658+00:00
2022-05-15T18:26:40.161015Z,1373888,34.22000000,0.28740000,buy,2022-05-15 18:26:40.161015+00:00
2022-05-15T18:21:21.218219Z,1373887,34.22000000,0.00470000,sell,2022-05-15 18:21:21.218219+00:00
2022-05-15T18:21:06.327442Z,1373886,34.20000000,0.01660000,sell,2022-05-15 18:21:06.327442+00:00
2022-05-15T18:15:52.713766Z,1373885,34.17000000,0.01590000,sell,2022-05-15 18:15:52.713766+00:00
2022-05-15T18:14:32.437364Z,1373884,34.14000000,73.52650000,sell,2022-05-15 18:14:32.437364+00:00
2022-05-15T18:14:28.476734Z,1373883,34.14000000,0.15680000,buy,2022-05-15 18:14:28.476734+00:00
2022-05-15T18:06:35.781019Z,1373882,34.30000000,0.01430000,sell,2022-05-15 18:06:35.781019+00:00
2022-05-15T18:06:26.119381Z,1373881,34.19000000,1.47850000,buy,2022-05-15 18:06:26.119381+00:00
2022-05-15T18:06:11.87812Z,1373880,34.20000000,0.04520000,sell,2022-05-15 18:06:11.878120+00:00
2022-05-15T18:06:04.505767Z,1373879,34.18000000,0.00250000,sell,2022-05-15 18:06:04.505767+00:00
2022-05-15T17:58:38.978678Z,1373878,34.13000000,0.00940000,buy,2022-05-15 17:58:38.978678+00:00
2022-05-15T17:58:38.978678Z,1373877,34.15000000,2.20550000,buy,2022-05-15 17:58:38.978678+00:00
2022-05-15T17:58:38.978678Z,1373876,34.16000000,3.67410000,buy,2022-05-15 17:58:38.978678+00:00
2022-05-15T17:58:38.978678Z,1373875,34.17000000,1.90880000,buy,2022-05-15 17:58:38.978678+00:00
2022-05-15T17:58:38.978678Z,1373874,34.19000000,2.19840000,buy,2022-05-15 17:58:38.978678+00:00
2022-05-15T17:58:38.978678Z,1373873,34.26000000,0.01060000,buy,2022-05-15 17:58:38.978678+00:00
2022-05-15T17:56:36.052132Z,1373872,34.40000000,2.19840000,sell,2022-05-15 17:56:36.052132+00:00
2022-05-15T17:56:36.036184Z,1373871,34.40000000,1.70450000,sell,2022-05-15 17:56:36.036184+00:00
2022-05-15T17:56:36.036184Z,1373870,34.39000000,2.19840000,sell,2022-05-15 17:56:36.036184+00:00
2022-05-15T17:56:36.013233Z,1373869,34.39000000,2.19840000,sell,2022-05-15 17:56:36.013233+00:00
2022-05-15T17:56:35.48382Z,1373868,34.21000000,0.71350000,buy,2022-05-15 17:56:35.483820+00:00
2022-05-15T17:56:35.467834Z,1373867,34.27000000,0.17840000,buy,2022-05-15 17:56:35.467834+00:00
2022-05-15T17:56:35.463486Z,1373866,34.27000000,0.35680000,buy,2022-05-15 17:56:35.463486+00:00
2022-05-15T17:56:34.72343Z,1373865,34.56000000,0.00910000,sell,2022-05-15 17:56:34.723430+00:00
2022-05-15T17:56:34.711862Z,1373864,34.29000000,15.82210000,buy,2022-05-15 17:56:34.711862+00:00
2022-05-15T17:56:34.711862Z,1373863,34.32000000,3.44540000,buy,2022-05-15 17:56:34.711862+00:00
2022-05-15T17:54:18.353252Z,1373862,34.22000000,0.73070000,buy,2022-05-15 17:54:18.353252+00:00
2022-05-15T17:54:05.959338Z,1373861,34.34000000,10.94960000,sell,2022-05-15 17:54:05.959338+00:00
2022-05-15T17:54:05.959338Z,1373860,34.32000000,12.61360000,sell,2022-05-15 17:54:05.959338+00:00
2022-05-15T17:54:05.959338Z,1373859,34.32000000,0.00490000,sell,2022-05-15 17:54:05.959338+00:00
2022-05-15T17:54:05.959338Z,1373858,34.31000000,11.21920000,sell,2022-05-15 17:54:05.959338+00:00
2022-05-15T17:54:05.959338Z,1373857,34.29000000,11.34510000,sell,2022-05-15 17:54:05.959338+00:00
2022-05-15T17:54:05.959338Z,1373856,34.28000000,2.19840000,sell,2022-05-15 17:54:05.959338+00:00
2022-05-15T17:54:05.959338Z,1373855,34.28000000,4.00000000,sell,2022-05-15 17:54:05.959338+00:00
2022-05-15T17:54:05.959338Z,1373854,34.28000000,5.67140000,sell,2022-05-15 17:54:05.959338+00:00
2022-05-15T17:52:57.11433Z,1373853,34.18000000,1.50000000,buy,2022-05-15 17:52:57.114330+00:00
2022-05-15T17:52:57.11433Z,1373852,34.19000000,4.00000000,buy,2022-05-15 17:52:57.114330+00:00
2022-05-15T17:51:33.965779Z,1373851,34.25000000,1.91390000,sell,2022-05-15 17:51:33.965779+00:00
2022-05-15T17:51:33.942537Z,1373850,34.24000000,1.91390000,sell,2022-05-15 17:51:33.942537+00:00
2022-05-15T17:51:33.938331Z,1373849,34.24000000,0.51500000,sell,2022-05-15 17:51:33.938331+00:00
2022-05-15T17:51:33.925927Z,1373848,34.25000000,0.27800000,buy,2022-05-15 17:51:33.925927+00:00
2022-05-15T17:51:32.255082Z,1373847,34.25000000,0.26310000,sell,2022-05-15 17:51:32.255082+00:00
2022-05-15T17:51:32.25498Z,1373846,34.25000000,0.01490000,sell,2022-05-15 17:51:32.254980+00:00
2022-05-15T17:51:32.247587Z,1373845,34.25000000,0.24430000,sell,2022-05-15 17:51:32.247587+00:00
2022-05-15T17:51:32.238408Z,1373844,34.25000000,0.24430000,sell,2022-05-15 17:51:32.238408+00:00
2022-05-15T17:51:32.235102Z,1373843,34.25000000,0.24970000,sell,2022-05-15 17:51:32.235102+00:00
2022-05-15T17:51:32.227209Z,1373842,34.25000000,17.26750000,sell,2022-05-15 17:51:32.227209+00:00
2022-05-15T17:51:32.222208Z,1373841,34.25000000,0.24200000,sell,2022-05-15 17:51:32.222208+00:00
2022-05-15T17:51:32.204584Z,1373840,34.25000000,0.27970000,sell,2022-05-15 17:51:32.204584+00:00
2022-05-15T17:51:32.195835Z,1373839,34.25000000,0.28440000,sell,2022-05-15 17:51:32.195835+00:00
2022-05-15T17:51:32.187938Z,1373838,34.25000000,0.27740000,sell,2022-05-15 17:51:32.187938+00:00
2022-05-15T17:51:32.16231Z,1373837,34.25000000,0.24690000,buy,2022-05-15 17:51:32.162310+00:00
2022-05-15T17:51:31.41485Z,1373836,34.23000000,0.25970000,buy,2022-05-15 17:51:31.414850+00:00
2022-05-15T17:51:31.403275Z,1373835,34.23000000,0.24790000,buy,2022-05-15 17:51:31.403275+00:00
2022-05-15T17:51:31.391593Z,1373834,34.23000000,0.20310000,sell,2022-05-15 17:51:31.391593+00:00
2022-05-15T17:51:31.391305Z,1373833,34.23000000,0.04490000,buy,2022-05-15 17:51:31.391305+00:00
2022-05-15T17:51:31.387182Z,1373832,34.23000000,0.27200000,sell,2022-05-15 17:51:31.387182+00:00
2022-05-15T17:51:31.379225Z,1373831,34.23000000,0.20940000,sell,2022-05-15 17:51:31.379225+00:00
2022-05-15T17:51:31.379225Z,1373830,34.23000000,0.01390000,sell,2022-05-15 17:51:31.379225+00:00
2022-05-15T17:51:31.375309Z,1373829,34.23000000,0.25430000,sell,2022-05-15 17:51:31.375309+00:00
2022-05-15T17:51:31.370979Z,1373828,34.23000000,0.22330000,sell,2022-05-15 17:51:31.370979+00:00
2022-05-15T17:51:31.370979Z,1373827,34.23000000,0.25430000,sell,2022-05-15 17:51:31.370979+00:00
2022-05-15T17:51:31.358835Z,1373826,34.23000000,0.26190000,sell,2022-05-15 17:51:31.358835+00:00
2022-05-15T17:51:31.329685Z,1373825,34.23000000,0.21360000,buy,2022-05-15 17:51:31.329685+00:00
2022-05-15T17:51:30.18642Z,1373824,34.23000000,0.35660000,buy,2022-05-15 17:51:30.186420+00:00
2022-05-15T17:51:30.174481Z,1373823,34.22000000,0.34430000,buy,2022-05-15 17:51:30.174481+00:00
2022-05-15T17:51:30.161482Z,1373822,34.22000000,0.34530000,buy,2022-05-15 17:51:30.161482+00:00
2022-05-15T17:51:30.153031Z,1373821,34.22000000,0.37540000,buy,2022-05-15 17:51:30.153031+00:00
2022-05-15T17:51:30.142035Z,1373820,34.22000000,0.38480000,buy,2022-05-15 17:51:30.142035+00:00
2022-05-15T17:51:30.129101Z,1373819,34.23000000,0.35150000,buy,2022-05-15 17:51:30.129101+00:00
2022-05-15T17:51:30.129101Z,1373818,34.23000000,0.38940000,buy,2022-05-15 17:51:30.129101+00:00
2022-05-15T17:51:30.11866Z,1373817,34.22000000,0.35590000,buy,2022-05-15 17:51:30.118660+00:00
2022-05-15T17:51:30.105015Z,1373816,34.22000000,0.35440000,buy,2022-05-15 17:51:30.105015+00:00
2022-05-15T17:51:30.093174Z,1373815,34.22000000,0.38500000,buy,2022-05-15 17:51:30.093174+00:00
2022-05-15T17:51:30.081155Z,1373814,34.22000000,0.42350000,buy,2022-05-15 17:51:30.081155+00:00
2022-05-15T17:51:30.068451Z,1373813,34.23000000,0.37040000,buy,2022-05-15 17:51:30.068451+00:00
2022-05-15T17:51:30.068451Z,1373812,34.23000000,0.26020000,buy,2022-05-15 17:51:30.068451+00:00
2022-05-15T17:51:30.068451Z,1373811,34.23000000,0.18550000,buy,2022-05-15 17:51:30.068451+00:00
2022-05-15T17:51:30.056093Z,1373810,34.23000000,0.39650000,buy,2022-05-15 17:51:30.056093+00:00
2022-05-15T17:51:30.047852Z,1373809,34.23000000,0.41990000,buy,2022-05-15 17:51:30.047852+00:00
2022-05-15T17:51:30.036084Z,1373808,34.23000000,0.37250000,buy,2022-05-15 17:51:30.036084+00:00
2022-05-15T17:51:30.027719Z,1373807,34.23000000,0.39410000,buy,2022-05-15 17:51:30.027719+00:00
2022-05-15T17:51:30.015525Z,1373806,34.23000000,0.42990000,buy,2022-05-15 17:51:30.015525+00:00
2022-05-15T17:51:22.008226Z,1373805,34.35000000,1.00880000,sell,2022-05-15 17:51:22.008226+00:00
2022-05-15T17:50:55.575924Z,1373804,34.35000000,5.00000000,sell,2022-05-15 17:50:55.575924+00:00
2022-05-15T17:46:55.34277Z,1373803,34.35000000,21.09480000,sell,2022-05-15 17:46:55.342770+00:00
2022-05-15T17:45:18.041208Z,1373802,34.23000000,0.76770000,buy,2022-05-15 17:45:18.041208+00:00
2022-05-15T17:43:19.673732Z,1373801,34.40000000,27.61790000,sell,2022-05-15 17:43:19.673732+00:00
2022-05-15T17:43:19.673732Z,1373800,34.39000000,70.00000000,sell,2022-05-15 17:43:19.673732+00:00
2022-05-15T17:43:19.673732Z,1373799,34.38000000,3.65000000,sell,2022-05-15 17:43:19.673732+00:00
2022-05-15T17:41:58.450435Z,1373798,34.31000000,70.00000000,sell,2022-05-15 17:41:58.450435+00:00
2022-05-15T17:41:58.450435Z,1373797,34.29000000,2.19840000,sell,2022-05-15 17:41:58.450435+00:00
2022-05-15T17:41:18.675585Z,1373796,34.26000000,2.19840000,buy,2022-05-15 17:41:18.675585+00:00
2022-05-15T17:41:17.446519Z,1373795,34.44000000,5.41390000,sell,2022-05-15 17:41:17.446519+00:00
2022-05-15T17:41:17.446519Z,1373794,34.42000000,2.05140000,sell,2022-05-15 17:41:17.446519+00:00
2022-05-15T17:41:17.446519Z,1373793,34.28000000,1.86890000,sell,2022-05-15 17:41:17.446519+00:00
2022-05-15T17:41:17.446519Z,1373792,34.27000000,70.00000000,sell,2022-05-15 17:41:17.446519+00:00
2022-05-15T17:41:17.446519Z,1373791,34.21000000,2.19840000,sell,2022-05-15 17:41:17.446519+00:00
2022-05-15T17:41:17.446519Z,1373790,34.21000000,15.98390000,sell,2022-05-15 17:41:17.446519+00:00
2022-05-15T17:41:17.446519Z,1373789,34.20000000,4.00000000,sell,2022-05-15 17:41:17.446519+00:00
2022-05-15T17:41:10.387931Z,1373788,34.08000000,0.17980000,buy,2022-05-15 17:41:10.387931+00:00
2022-05-15T17:37:20.76349Z,1373787,34.21000000,1.44740000,buy,2022-05-15 17:37:20.763490+00:00
2022-05-15T17:37:20.755774Z,1373786,34.21000000,0.99570000,buy,2022-05-15 17:37:20.755774+00:00
2022-05-15T17:37:20.739184Z,1373785,34.21000000,0.07270000,buy,2022-05-15 17:37:20.739184+00:00
2022-05-15T17:37:20.739184Z,1373784,34.23000000,1.44740000,buy,2022-05-15 17:37:20.739184+00:00
2022-05-15T17:37:20.735846Z,1373783,34.23000000,0.99570000,buy,2022-05-15 17:37:20.735846+00:00
2022-05-15T17:37:20.732583Z,1373782,34.28000000,2.05700000,sell,2022-05-15 17:37:20.732583+00:00
2022-05-15T17:37:20.732583Z,1373781,34.25000000,0.94750000,sell,2022-05-15 17:37:20.732583+00:00
2022-05-15T17:37:20.732583Z,1373780,34.25000000,1.25090000,sell,2022-05-15 17:37:20.732583+00:00
2022-05-15T17:37:20.732583Z,1373779,34.24000000,0.80020000,sell,2022-05-15 17:37:20.732583+00:00
2022-05-15T17:37:20.732583Z,1373778,34.24000000,2.18610000,sell,2022-05-15 17:37:20.732583+00:00
2022-05-15T17:37:20.731524Z,1373777,34.25000000,0.30340000,buy,2022-05-15 17:37:20.731524+00:00
2022-05-15T17:37:20.731524Z,1373776,34.26000000,0.59720000,buy,2022-05-15 17:37:20.731524+00:00
2022-05-15T17:37:20.715823Z,1373775,34.26000000,1.83150000,sell,2022-05-15 17:37:20.715823+00:00
2022-05-15T17:37:20.715823Z,1373774,34.25000000,2.19840000,sell,2022-05-15 17:37:20.715823+00:00
2022-05-15T17:37:20.715823Z,1373773,34.19000000,1.42940000,sell,2022-05-15 17:37:20.715823+00:00
2022-05-15T17:35:41.25234Z,1373772,34.10000000,0.05220000,buy,2022-05-15 17:35:41.252340+00:00
2022-05-15T17:35:28.647716Z,1373771,34.19000000,3.54210000,sell,2022-05-15 17:35:28.647716+00:00
2022-05-15T17:35:28.647716Z,1373770,34.19000000,8.72140000,sell,2022-05-15 17:35:28.647716+00:00
2022-05-15T17:31:23.71218Z,1373769,34.23000000,0.29060000,sell,2022-05-15 17:31:23.712180+00:00
2022-05-15T17:25:20.005903Z,1373768,34.13000000,2.80160000,buy,2022-05-15 17:25:20.005903+00:00
2022-05-15T17:25:20.005903Z,1373767,34.14000000,2.19840000,buy,2022-05-15 17:25:20.005903+00:00
2022-05-15T17:21:40.323718Z,1373766,34.23000000,4.00000000,sell,2022-05-15 17:21:40.323718+00:00
2022-05-15T17:21:40.323718Z,1373765,34.22000000,4.72140000,sell,2022-05-15 17:21:40.323718+00:00
2022-05-15T17:21:11.12943Z,1373764,34.21000000,4.85620000,sell,2022-05-15 17:21:11.129430+00:00
2022-05-15T17:20:55.380694Z,1373763,34.12000000,4.97150000,buy,2022-05-15 17:20:55.380694+00:00
2022-05-15T17:20:55.380694Z,1373762,34.13000000,4.00000000,buy,2022-05-15 17:20:55.380694+00:00
2022-05-15T17:20:55.380694Z,1373761,34.14000000,2.19840000,buy,2022-05-15 17:20:55.380694+00:00
2022-05-15T17:18:06.646645Z,1373760,34.24000000,16.00000000,sell,2022-05-15 17:18:06.646645+00:00
2022-05-15T17:18:06.646645Z,1373759,34.23000000,4.00000000,sell,2022-05-15 17:18:06.646645+00:00
2022-05-15T17:17:59.138322Z,1373758,34.25000000,4.32210000,buy,2022-05-15 17:17:59.138322+00:00
2022-05-15T17:17:59.121913Z,1373757,34.25000000,2.19840000,sell,2022-05-15 17:17:59.121913+00:00
2022-05-15T17:17:59.121913Z,1373756,34.25000000,3.98650000,sell,2022-05-15 17:17:59.121913+00:00
2022-05-15T17:17:59.121913Z,1373755,34.24000000,4.00000000,sell,2022-05-15 17:17:59.121913+00:00
2022-05-15T17:17:59.121913Z,1373754,34.23000000,5.49300000,sell,2022-05-15 17:17:59.121913+00:00
2022-05-15T17:15:30.624716Z,1373753,34.23000000,0.26960000,buy,2022-05-15 17:15:30.624716+00:00
2022-05-15T17:15:30.613035Z,1373752,34.23000000,0.25900000,buy,2022-05-15 17:15:30.613035+00:00
2022-05-15T17:15:30.600906Z,1373751,34.23000000,0.27830000,buy,2022-05-15 17:15:30.600906+00:00
2022-05-15T17:15:30.588093Z,1373750,34.23000000,0.29920000,buy,2022-05-15 17:15:30.588093+00:00
2022-05-15T17:15:30.576226Z,1373749,34.23000000,0.29600000,buy,2022-05-15 17:15:30.576226+00:00
2022-05-15T17:15:30.567572Z,1373748,34.23000000,0.24460000,buy,2022-05-15 17:15:30.567572+00:00
2022-05-15T17:15:30.554051Z,1373747,34.23000000,0.28330000,buy,2022-05-15 17:15:30.554051+00:00
2022-05-15T17:15:30.541771Z,1373746,34.23000000,0.27390000,buy,2022-05-15 17:15:30.541771+00:00
2022-05-15T17:15:30.529517Z,1373745,34.23000000,0.23490000,buy,2022-05-15 17:15:30.529517+00:00
2022-05-15T17:14:53.002382Z,1373744,34.22000000,1.20390000,buy,2022-05-15 17:14:53.002382+00:00
2022-05-15T17:14:52.986862Z,1373743,34.22000000,1.29100000,buy,2022-05-15 17:14:52.986862+00:00
2022-05-15T17:14:51.849195Z,1373742,34.26000000,0.35060000,sell,2022-05-15 17:14:51.849195+00:00
2022-05-15T17:14:22.501514Z,1373741,34.22000000,0.25630000,sell,2022-05-15 17:14:22.501514+00:00
2022-05-15T17:14:22.486021Z,1373740,34.22000000,0.24170000,sell,2022-05-15 17:14:22.486021+00:00
2022-05-15T17:14:22.470267Z,1373739,34.22000000,0.25060000,sell,2022-05-15 17:14:22.470267+00:00
2022-05-15T17:14:22.45443Z,1373738,34.22000000,0.24410000,sell,2022-05-15 17:14:22.454430+00:00
2022-05-15T17:14:22.438236Z,1373737,34.22000000,0.23050000,sell,2022-05-15 17:14:22.438236+00:00
2022-05-15T17:14:22.422004Z,1373736,34.22000000,0.25100000,sell,2022-05-15 17:14:22.422004+00:00
2022-05-15T17:14:22.41371Z,1373735,34.22000000,0.26100000,sell,2022-05-15 17:14:22.413710+00:00
2022-05-15T17:14:22.397408Z,1373734,34.22000000,0.27410000,sell,2022-05-15 17:14:22.397408+00:00
2022-05-15T17:14:22.381387Z,1373733,34.22000000,0.24430000,sell,2022-05-15 17:14:22.381387+00:00
2022-05-15T17:14:22.374098Z,1373732,34.22000000,0.26480000,sell,2022-05-15 17:14:22.374098+00:00
2022-05-15T17:12:52.820619Z,1373731,34.20000000,1.02890000,buy,2022-05-15 17:12:52.820619+00:00
2022-05-15T17:12:52.805282Z,1373730,34.20000000,1.11950000,buy,2022-05-15 17:12:52.805282+00:00
2022-05-15T17:10:53.321188Z,1373729,34.26000000,1.47020000,sell,2022-05-15 17:10:53.321188+00:00
2022-05-15T17:10:53.30696Z,1373728,34.26000000,0.01090000,buy,2022-05-15 17:10:53.306960+00:00
2022-05-15T17:10:53.078559Z,1373727,34.28000000,0.24670000,sell,2022-05-15 17:10:53.078559+00:00
2022-05-15T17:10:53.071515Z,1373726,34.28000000,0.03350000,sell,2022-05-15 17:10:53.071515+00:00
2022-05-15T17:10:53.058316Z,1373725,34.28000000,0.24670000,sell,2022-05-15 17:10:53.058316+00:00
2022-05-15T17:10:53.050785Z,1373724,34.28000000,0.25170000,sell,2022-05-15 17:10:53.050785+00:00
2022-05-15T17:10:53.03863Z,1373723,34.28000000,0.28580000,sell,2022-05-15 17:10:53.038630+00:00
2022-05-15T17:10:53.034877Z,1373722,34.28000000,0.30020000,sell,2022-05-15 17:10:53.034877+00:00
2022-05-15T17:10:53.012799Z,1373721,34.28000000,0.26060000,sell,2022-05-15 17:10:53.012799+00:00
2022-05-15T17:10:52.999854Z,1373720,34.28000000,0.29310000,sell,2022-05-15 17:10:52.999854+00:00
2022-05-15T17:10:52.98887Z,1373719,34.28000000,0.28440000,sell,2022-05-15 17:10:52.988870+00:00
2022-05-15T17:10:52.980945Z,1373718,34.28000000,0.12070000,sell,2022-05-15 17:10:52.980945+00:00
2022-05-15T17:10:52.964955Z,1373717,34.28000000,0.15000000,buy,2022-05-15 17:10:52.964955+00:00
2022-05-15T17:10:50.888738Z,1373716,34.27000000,0.02760000,sell,2022-05-15 17:10:50.888738+00:00
2022-05-15T17:10:50.880442Z,1373715,34.27000000,0.22270000,sell,2022-05-15 17:10:50.880442+00:00
2022-05-15T17:10:50.873843Z,1373714,34.27000000,0.22270000,sell,2022-05-15 17:10:50.873843+00:00
2022-05-15T17:10:50.869861Z,1373713,34.27000000,0.21960000,sell,2022-05-15 17:10:50.869861+00:00
2022-05-15T17:10:50.848144Z,1373712,34.27000000,0.24470000,sell,2022-05-15 17:10:50.848144+00:00
2022-05-15T17:10:50.848144Z,1373711,34.27000000,0.02100000,sell,2022-05-15 17:10:50.848144+00:00
2022-05-15T17:10:50.844211Z,1373710,34.27000000,0.24370000,sell,2022-05-15 17:10:50.844211+00:00
2022-05-15T17:10:50.832985Z,1373709,34.27000000,0.24370000,sell,2022-05-15 17:10:50.832985+00:00
2022-05-15T17:10:50.832832Z,1373708,34.27000000,0.00880000,sell,2022-05-15 17:10:50.832832+00:00
2022-05-15T17:10:50.822834Z,1373707,34.27000000,0.24970000,sell,2022-05-15 17:10:50.822834+00:00
2022-05-15T17:10:50.812344Z,1373706,34.27000000,0.24970000,sell,2022-05-15 17:10:50.812344+00:00
2022-05-15T17:10:50.811705Z,1373705,34.27000000,0.18660000,sell,2022-05-15 17:10:50.811705+00:00
2022-05-15T17:10:50.760004Z,1373704,34.29000000,2.54860000,sell,2022-05-15 17:10:50.760004+00:00
2022-05-15T17:10:49.855935Z,1373703,34.30000000,0.46030000,sell,2022-05-15 17:10:49.855935+00:00
2022-05-15T17:10:49.84513Z,1373702,34.30000000,0.46400000,sell,2022-05-15 17:10:49.845130+00:00
2022-05-15T17:10:49.836582Z,1373701,34.30000000,0.42500000,sell,2022-05-15 17:10:49.836582+00:00
2022-05-15T17:10:49.82959Z,1373700,34.30000000,0.54330000,sell,2022-05-15 17:10:49.829590+00:00
2022-05-15T17:10:49.775351Z,1373699,34.30000000,0.05460000,sell,2022-05-15 17:10:49.775351+00:00
2022-05-15T17:10:49.763794Z,1373698,34.30000000,0.17300000,buy,2022-05-15 17:10:49.763794+00:00
2022-05-15T17:10:49.755282Z,1373697,34.30000000,0.25330000,buy,2022-05-15 17:10:49.755282+00:00
2022-05-15T17:10:49.743922Z,1373696,34.30000000,0.25230000,buy,2022-05-15 17:10:49.743922+00:00
2022-05-15T17:10:49.735974Z,1373695,34.30000000,0.24810000,buy,2022-05-15 17:10:49.735974+00:00
2022-05-15T17:10:49.72479Z,1373694,34.30000000,0.27010000,buy,2022-05-15 17:10:49.724790+00:00
2022-05-15T17:10:49.713625Z,1373693,34.30000000,0.26870000,buy,2022-05-15 17:10:49.713625+00:00
2022-05-15T17:10:49.702396Z,1373692,34.30000000,0.23950000,buy,2022-05-15 17:10:49.702396+00:00
2022-05-15T17:10:49.691257Z,1373691,34.30000000,0.24950000,buy,2022-05-15 17:10:49.691257+00:00
2022-05-15T17:10:49.680366Z,1373690,34.30000000,0.24390000,buy,2022-05-15 17:10:49.680366+00:00
2022-05-15T17:10:49.304755Z,1373689,34.59000000,0.70400000,buy,2022-05-15 17:10:49.304755+00:00
2022-05-15T17:10:49.28861Z,1373688,34.56000000,0.00890000,sell,2022-05-15 17:10:49.288610+00:00
2022-05-15T17:10:49.28861Z,1373687,34.35000000,2.08400000,sell,2022-05-15 17:10:49.288610+00:00
2022-05-15T17:10:49.276957Z,1373686,34.29000000,0.23560000,sell,2022-05-15 17:10:49.276957+00:00
2022-05-15T17:10:49.269067Z,1373685,34.29000000,0.26770000,sell,2022-05-15 17:10:49.269067+00:00
2022-05-15T17:10:49.257905Z,1373684,34.29000000,0.25670000,sell,2022-05-15 17:10:49.257905+00:00
2022-05-15T17:10:49.246894Z,1373683,34.29000000,0.21770000,sell,2022-05-15 17:10:49.246894+00:00
2022-05-15T17:10:49.238951Z,1373682,34.29000000,0.25120000,sell,2022-05-15 17:10:49.238951+00:00
2022-05-15T17:10:49.2274Z,1373681,34.29000000,0.22660000,sell,2022-05-15 17:10:49.227400+00:00
2022-05-15T17:10:49.216272Z,1373680,34.29000000,0.21330000,sell,2022-05-15 17:10:49.216272+00:00
2022-05-15T17:10:49.208405Z,1373679,34.29000000,0.26010000,sell,2022-05-15 17:10:49.208405+00:00
2022-05-15T17:10:49.197065Z,1373678,34.29000000,0.19620000,sell,2022-05-15 17:10:49.197065+00:00
2022-05-15T17:10:49.197065Z,1373677,34.29000000,0.23740000,sell,2022-05-15 17:10:49.197065+00:00
2022-05-15T17:10:49.185121Z,1373676,34.29000000,0.26250000,sell,2022-05-15 17:10:49.185121+00:00
2022-05-15T17:10:49.173633Z,1373675,34.29000000,0.23230000,sell,2022-05-15 17:10:49.173633+00:00
2022-05-15T17:10:49.165888Z,1373674,34.29000000,0.22730000,sell,2022-05-15 17:10:49.165888+00:00
2022-05-15T17:10:49.158564Z,1373673,34.29000000,0.23180000,sell,2022-05-15 17:10:49.158564+00:00
2022-05-15T17:10:49.150819Z,1373672,34.29000000,0.25520000,sell,2022-05-15 17:10:49.150819+00:00
2022-05-15T17:10:49.139553Z,1373671,34.29000000,0.23850000,sell,2022-05-15 17:10:49.139553+00:00
2022-05-15T17:10:49.132001Z,1373670,34.29000000,0.21820000,sell,2022-05-15 17:10:49.132001+00:00
2022-05-15T17:10:49.120604Z,1373669,34.29000000,0.23570000,sell,2022-05-15 17:10:49.120604+00:00
2022-05-15T17:10:49.10777Z,1373668,34.29000000,0.26100000,sell,2022-05-15 17:10:49.107770+00:00
2022-05-15T17:10:49.10777Z,1373667,34.29000000,0.25730000,sell,2022-05-15 17:10:49.107770+00:00
2022-05-15T17:10:49.096807Z,1373666,34.29000000,0.23420000,sell,2022-05-15 17:10:49.096807+00:00
2022-05-15T17:10:49.085014Z,1373665,34.29000000,0.22630000,sell,2022-05-15 17:10:49.085014+00:00
2022-05-15T17:10:49.073795Z,1373664,34.28000000,0.25780000,sell,2022-05-15 17:10:49.073795+00:00
2022-05-15T17:10:49.062566Z,1373663,34.29000000,0.24900000,sell,2022-05-15 17:10:49.062566+00:00
2022-05-15T17:10:49.051367Z,1373662,34.29000000,0.24290000,sell,2022-05-15 17:10:49.051367+00:00
2022-05-15T17:10:49.039452Z,1373661,34.29000000,0.23820000,sell,2022-05-15 17:10:49.039452+00:00
2022-05-15T17:10:49.031105Z,1373660,34.29000000,0.24410000,sell,2022-05-15 17:10:49.031105+00:00
2022-05-15T17:10:49.017501Z,1373659,34.28000000,0.16730000,sell,2022-05-15 17:10:49.017501+00:00
2022-05-15T17:10:49.017501Z,1373658,34.28000000,0.08310000,sell,2022-05-15 17:10:49.017501+00:00
2022-05-15T17:10:49.003626Z,1373657,34.28000000,0.22800000,sell,2022-05-15 17:10:49.003626+00:00
2022-05-15T17:10:49.003626Z,1373656,34.28000000,0.23130000,sell,2022-05-15 17:10:49.003626+00:00
2022-05-15T17:10:48.991138Z,1373655,34.28000000,0.25200000,sell,2022-05-15 17:10:48.991138+00:00
2022-05-15T17:10:48.979904Z,1373654,34.28000000,0.24790000,sell,2022-05-15 17:10:48.979904+00:00
2022-05-15T17:10:48.968403Z,1373653,34.28000000,0.23130000,sell,2022-05-15 17:10:48.968403+00:00
2022-05-15T17:10:48.957474Z,1373652,34.28000000,0.23120000,sell,2022-05-15 17:10:48.957474+00:00
2022-05-15T17:10:48.946725Z,1373651,34.28000000,0.21630000,sell,2022-05-15 17:10:48.946725+00:00
2022-05-15T17:10:48.935327Z,1373650,34.28000000,0.22260000,sell,2022-05-15 17:10:48.935327+00:00
2022-05-15T17:10:48.927555Z,1373649,34.28000000,0.25470000,sell,2022-05-15 17:10:48.927555+00:00
2022-05-15T17:10:48.91627Z,1373648,34.29000000,0.23170000,sell,2022-05-15 17:10:48.916270+00:00
2022-05-15T17:10:48.904909Z,1373647,34.29000000,0.19210000,sell,2022-05-15 17:10:48.904909+00:00
2022-05-15T17:10:48.904909Z,1373646,34.29000000,0.20590000,sell,2022-05-15 17:10:48.904909+00:00
2022-05-15T17:10:48.904909Z,1373645,34.28000000,0.02190000,sell,2022-05-15 17:10:48.904909+00:00
2022-05-15T17:10:48.893353Z,1373644,34.28000000,0.25650000,sell,2022-05-15 17:10:48.893353+00:00
2022-05-15T17:10:48.881348Z,1373643,34.28000000,0.26300000,sell,2022-05-15 17:10:48.881348+00:00
2022-05-15T17:10:48.870258Z,1373642,34.28000000,0.24930000,sell,2022-05-15 17:10:48.870258+00:00
2022-05-15T17:10:48.859064Z,1373641,34.28000000,0.24390000,sell,2022-05-15 17:10:48.859064+00:00
2022-05-15T17:10:48.848395Z,1373640,34.28000000,0.24530000,sell,2022-05-15 17:10:48.848395+00:00
2022-05-15T17:10:48.835677Z,1373639,34.28000000,0.21350000,sell,2022-05-15 17:10:48.835677+00:00
2022-05-15T17:10:48.835677Z,1373638,34.27000000,0.04470000,sell,2022-05-15 17:10:48.835677+00:00
2022-05-15T17:10:48.823968Z,1373637,34.28000000,0.25280000,sell,2022-05-15 17:10:48.823968+00:00
2022-05-15T17:10:48.816659Z,1373636,34.27000000,0.03210000,buy,2022-05-15 17:10:48.816659+00:00
2022-05-15T17:10:48.812492Z,1373635,34.27000000,0.20000000,buy,2022-05-15 17:10:48.812492+00:00
2022-05-15T17:10:48.812364Z,1373634,34.28000000,0.19840000,sell,2022-05-15 17:10:48.812364+00:00
2022-05-15T17:10:48.809592Z,1373633,34.27000000,0.04470000,buy,2022-05-15 17:10:48.809592+00:00
2022-05-15T17:10:48.796209Z,1373632,34.28000000,0.25380000,sell,2022-05-15 17:10:48.796209+00:00
2022-05-15T17:10:48.793164Z,1373631,34.27000000,0.20000000,buy,2022-05-15 17:10:48.793164+00:00
2022-05-15T17:10:48.793164Z,1373630,34.27000000,0.00160000,buy,2022-05-15 17:10:48.793164+00:00
2022-05-15T17:10:48.781475Z,1373629,34.27000000,0.20000000,buy,2022-05-15 17:10:48.781475+00:00
2022-05-15T17:10:48.777633Z,1373628,34.27000000,0.04020000,buy,2022-05-15 17:10:48.777633+00:00
2022-05-15T17:10:48.777633Z,1373627,34.27000000,0.21610000,buy,2022-05-15 17:10:48.777633+00:00
2022-05-15T17:10:48.765924Z,1373626,34.27000000,0.24020000,buy,2022-05-15 17:10:48.765924+00:00
2022-05-15T17:10:48.762431Z,1373625,34.27000000,0.25630000,buy,2022-05-15 17:10:48.762431+00:00
2022-05-15T17:10:48.731822Z,1373624,34.27000000,0.22220000,buy,2022-05-15 17:10:48.731822+00:00
2022-05-15T17:10:48.731822Z,1373623,34.27000000,0.22160000,buy,2022-05-15 17:10:48.731822+00:00
2022-05-15T17:10:48.718614Z,1373622,34.27000000,0.24690000,buy,2022-05-15 17:10:48.718614+00:00
2022-05-15T17:10:48.693581Z,1373621,34.27000000,0.12680000,sell,2022-05-15 17:10:48.693581+00:00
2022-05-15T17:10:48.693581Z,1373620,34.27000000,0.14540000,sell,2022-05-15 17:10:48.693581+00:00
2022-05-15T17:10:48.693581Z,1373619,34.26000000,0.01440000,sell,2022-05-15 17:10:48.693581+00:00
2022-05-15T17:10:44.129367Z,1373618,34.17000000,2.32010000,buy,2022-05-15 17:10:44.129367+00:00
2022-05-15T17:10:42.299324Z,1373617,34.17000000,0.30890000,buy,2022-05-15 17:10:42.299324+00:00
2022-05-15T17:10:42.291215Z,1373616,34.17000000,0.33610000,buy,2022-05-15 17:10:42.291215+00:00
2022-05-15T17:10:42.282616Z,1373615,34.17000000,0.36590000,buy,2022-05-15 17:10:42.282616+00:00
2022-05-15T17:10:42.271897Z,1373614,34.17000000,0.31560000,buy,2022-05-15 17:10:42.271897+00:00
2022-05-15T17:10:42.262845Z,1373613,34.17000000,0.33620000,buy,2022-05-15 17:10:42.262845+00:00
2022-05-15T17:10:42.251395Z,1373612,34.17000000,0.32250000,buy,2022-05-15 17:10:42.251395+00:00
2022-05-15T17:10:42.240568Z,1373611,34.17000000,0.34020000,buy,2022-05-15 17:10:42.240568+00:00
2022-05-15T17:10:35.231514Z,1373610,34.16000000,0.30440000,buy,2022-05-15 17:10:35.231514+00:00
2022-05-15T17:10:35.219381Z,1373609,34.16000000,0.30220000,buy,2022-05-15 17:10:35.219381+00:00
2022-05-15T17:10:35.207745Z,1373608,34.16000000,0.30970000,buy,2022-05-15 17:10:35.207745+00:00
2022-05-15T17:10:35.195801Z,1373607,34.16000000,0.30980000,buy,2022-05-15 17:10:35.195801+00:00
2022-05-15T17:10:35.183864Z,1373606,34.16000000,0.32360000,buy,2022-05-15 17:10:35.183864+00:00
2022-05-15T17:10:35.175036Z,1373605,34.16000000,0.38670000,buy,2022-05-15 17:10:35.175036+00:00
2022-05-15T17:10:35.159959Z,1373604,34.16000000,0.37140000,buy,2022-05-15 17:10:35.159959+00:00
2022-05-15T17:10:05.304542Z,1373603,34.19000000,0.29620000,buy,2022-05-15 17:10:05.304542+00:00
2022-05-15T17:10:05.293451Z,1373602,34.19000000,0.28320000,buy,2022-05-15 17:10:05.293451+00:00
2022-05-15T17:10:05.28216Z,1373601,34.19000000,0.29610000,buy,2022-05-15 17:10:05.282160+00:00
2022-05-15T17:10:05.270536Z,1373600,34.19000000,0.28600000,buy,2022-05-15 17:10:05.270536+00:00
2022-05-15T17:10:05.258612Z,1373599,34.19000000,0.27770000,buy,2022-05-15 17:10:05.258612+00:00
2022-05-15T17:10:05.246493Z,1373598,34.19000000,0.26640000,buy,2022-05-15 17:10:05.246493+00:00
2022-05-15T17:10:05.235223Z,1373597,34.19000000,0.24500000,buy,2022-05-15 17:10:05.235223+00:00
2022-05-15T17:10:05.224343Z,1373596,34.19000000,0.28330000,buy,2022-05-15 17:10:05.224343+00:00
2022-05-15T17:09:52.491773Z,1373595,34.20000000,1.11890000,buy,2022-05-15 17:09:52.491773+00:00
2022-05-15T17:09:52.479527Z,1373594,34.20000000,1.17380000,buy,2022-05-15 17:09:52.479527+00:00
2022-05-15T17:09:37.84666Z,1373593,34.20000000,0.16120000,buy,2022-05-15 17:09:37.846660+00:00
2022-05-15T17:09:23.96003Z,1373592,34.21000000,0.27740000,buy,2022-05-15 17:09:23.960030+00:00
2022-05-15T17:09:23.948882Z,1373591,34.21000000,0.28890000,buy,2022-05-15 17:09:23.948882+00:00
2022-05-15T17:09:23.937834Z,1373590,34.21000000,0.28860000,buy,2022-05-15 17:09:23.937834+00:00
2022-05-15T17:09:23.926178Z,1373589,34.21000000,0.30010000,buy,2022-05-15 17:09:23.926178+00:00
2022-05-15T17:09:23.9152Z,1373588,34.21000000,0.32560000,buy,2022-05-15 17:09:23.915200+00:00
2022-05-15T17:09:23.903942Z,1373587,34.21000000,0.28760000,buy,2022-05-15 17:09:23.903942+00:00
2022-05-15T17:09:23.894421Z,1373586,34.21000000,0.34040000,buy,2022-05-15 17:09:23.894421+00:00
2022-05-15T17:09:23.879379Z,1373585,34.21000000,0.27010000,buy,2022-05-15 17:09:23.879379+00:00
2022-05-15T17:08:45.522939Z,1373584,34.21000000,2.15330000,buy,2022-05-15 17:08:45.522939+00:00
2022-05-15T17:08:35.393503Z,1373583,34.21000000,1.62710000,sell,2022-05-15 17:08:35.393503+00:00
2022-05-15T17:08:35.3812Z,1373582,34.21000000,0.90000000,buy,2022-05-15 17:08:35.381200+00:00
2022-05-15T17:08:23.717589Z,1373581,34.22000000,0.24640000,sell,2022-05-15 17:08:23.717589+00:00
2022-05-15T17:08:23.708878Z,1373580,34.22000000,0.21210000,sell,2022-05-15 17:08:23.708878+00:00
2022-05-15T17:08:23.696629Z,1373579,34.22000000,0.01220000,sell,2022-05-15 17:08:23.696629+00:00
2022-05-15T17:08:23.693582Z,1373578,34.22000000,0.24650000,sell,2022-05-15 17:08:23.693582+00:00
2022-05-15T17:08:23.685872Z,1373577,34.22000000,0.21760000,sell,2022-05-15 17:08:23.685872+00:00
2022-05-15T17:08:23.676445Z,1373576,34.22000000,0.24650000,sell,2022-05-15 17:08:23.676445+00:00
2022-05-15T17:08:23.669643Z,1373575,34.22000000,0.22460000,sell,2022-05-15 17:08:23.669643+00:00
2022-05-15T17:08:23.664992Z,1373574,34.22000000,0.01320000,sell,2022-05-15 17:08:23.664992+00:00
2022-05-15T17:08:23.650028Z,1373573,34.22000000,0.22460000,sell,2022-05-15 17:08:23.650028+00:00
2022-05-15T17:08:23.641656Z,1373572,34.22000000,0.24880000,sell,2022-05-15 17:08:23.641656+00:00
2022-05-15T17:08:23.630123Z,1373571,34.22000000,0.21810000,sell,2022-05-15 17:08:23.630123+00:00
2022-05-15T17:08:23.614201Z,1373570,34.22000000,0.21540000,sell,2022-05-15 17:08:23.614201+00:00
2022-05-15T17:08:15.817014Z,1373569,34.21000000,2.17260000,buy,2022-05-15 17:08:15.817014+00:00
2022-05-15T17:08:04.233972Z,1373568,34.21000000,1.13000000,sell,2022-05-15 17:08:04.233972+00:00
2022-05-15T17:08:04.212356Z,1373567,34.21000000,1.29620000,buy,2022-05-15 17:08:04.212356+00:00
2022-05-15T17:07:41.065635Z,1373566,34.19000000,0.21140000,buy,2022-05-15 17:07:41.065635+00:00
2022-05-15T17:07:41.054312Z,1373565,34.18000000,0.22860000,buy,2022-05-15 17:07:41.054312+00:00
2022-05-15T17:07:41.042931Z,1373564,34.18000000,0.20900000,buy,2022-05-15 17:07:41.042931+00:00
2022-05-15T17:07:41.030961Z,1373563,34.18000000,0.22200000,buy,2022-05-15 17:07:41.030961+00:00
2022-05-15T17:07:41.016659Z,1373562,34.18000000,0.21590000,buy,2022-05-15 17:07:41.016659+00:00
2022-05-15T17:07:41.002656Z,1373561,34.19000000,0.25150000,buy,2022-05-15 17:07:41.002656+00:00
2022-05-15T17:07:40.991931Z,1373560,34.18000000,0.24340000,buy,2022-05-15 17:07:40.991931+00:00
2022-05-15T17:07:40.980811Z,1373559,34.18000000,0.22110000,buy,2022-05-15 17:07:40.980811+00:00
2022-05-15T17:07:40.969141Z,1373558,34.18000000,0.23920000,buy,2022-05-15 17:07:40.969141+00:00
2022-05-15T17:07:40.957233Z,1373557,34.18000000,0.24280000,buy,2022-05-15 17:07:40.957233+00:00
2022-05-15T17:07:40.957233Z,1373556,34.18000000,0.23100000,buy,2022-05-15 17:07:40.957233+00:00
2022-05-15T17:07:40.945425Z,1373555,34.19000000,0.20170000,buy,2022-05-15 17:07:40.945425+00:00
2022-05-15T17:07:40.933817Z,1373554,34.20000000,0.23420000,buy,2022-05-15 17:07:40.933817+00:00
2022-05-15T17:07:40.92209Z,1373553,34.20000000,0.22130000,buy,2022-05-15 17:07:40.922090+00:00
2022-05-15T17:07:40.910049Z,1373552,34.20000000,0.21930000,buy,2022-05-15 17:07:40.910049+00:00
2022-05-15T17:07:40.898693Z,1373551,34.20000000,0.20910000,buy,2022-05-15 17:07:40.898693+00:00
2022-05-15T17:07:40.887614Z,1373550,34.20000000,0.23630000,buy,2022-05-15 17:07:40.887614+00:00
2022-05-15T17:07:40.876104Z,1373549,34.20000000,0.24030000,buy,2022-05-15 17:07:40.876104+00:00
2022-05-15T17:07:40.864704Z,1373548,34.20000000,0.24500000,buy,2022-05-15 17:07:40.864704+00:00
2022-05-15T17:07:40.853035Z,1373547,34.20000000,0.21740000,buy,2022-05-15 17:07:40.853035+00:00
2022-05-15T17:07:40.853035Z,1373546,34.20000000,0.25060000,buy,2022-05-15 17:07:40.853035+00:00
2022-05-15T17:07:40.840495Z,1373545,34.20000000,0.24420000,buy,2022-05-15 17:07:40.840495+00:00
2022-05-15T17:07:40.829136Z,1373544,34.20000000,0.22810000,buy,2022-05-15 17:07:40.829136+00:00
2022-05-15T17:07:40.816085Z,1373543,34.20000000,0.23960000,buy,2022-05-15 17:07:40.816085+00:00
2022-05-15T17:07:40.804496Z,1373542,34.20000000,0.23300000,buy,2022-05-15 17:07:40.804496+00:00
2022-05-15T17:07:40.793575Z,1373541,34.20000000,0.22510000,buy,2022-05-15 17:07:40.793575+00:00
2022-05-15T17:07:40.78242Z,1373540,34.20000000,0.26400000,buy,2022-05-15 17:07:40.782420+00:00
2022-05-15T17:07:40.771842Z,1373539,34.20000000,0.26270000,buy,2022-05-15 17:07:40.771842+00:00
2022-05-15T17:07:40.7607Z,1373538,34.20000000,0.22050000,buy,2022-05-15 17:07:40.760700+00:00
2022-05-15T17:07:40.749095Z,1373537,34.20000000,0.25020000,buy,2022-05-15 17:07:40.749095+00:00
2022-05-15T17:07:40.694239Z,1373536,34.20000000,2.75980000,buy,2022-05-15 17:07:40.694239+00:00
2022-05-15T17:07:40.694239Z,1373535,34.20000000,2.56230000,buy,2022-05-15 17:07:40.694239+00:00
2022-05-15T17:07:40.694239Z,1373534,34.20000000,2.68270000,buy,2022-05-15 17:07:40.694239+00:00
2022-05-15T17:04:41.522822Z,1373533,34.34000000,0.80300000,sell,2022-05-15 17:04:41.522822+00:00
2022-05-15T17:04:41.522822Z,1373532,34.34000000,2.19840000,sell,2022-05-15 17:04:41.522822+00:00
2022-05-15T17:04:41.522822Z,1373531,34.32000000,0.06950000,sell,2022-05-15 17:04:41.522822+00:00
2022-05-15T17:03:01.604798Z,1373530,34.22000000,2.80160000,buy,2022-05-15 17:03:01.604798+00:00
2022-05-15T17:03:01.604798Z,1373529,34.22000000,2.19840000,buy,2022-05-15 17:03:01.604798+00:00
2022-05-15T16:58:44.332633Z,1373528,34.38000000,42.00000000,sell,2022-05-15 16:58:44.332633+00:00
2022-05-15T16:58:44.332633Z,1373527,34.37000000,4.00000000,sell,2022-05-15 16:58:44.332633+00:00
2022-05-15T16:56:58.103062Z,1373526,34.27000000,1.67050000,buy,2022-05-15 16:56:58.103062+00:00
2022-05-15T16:56:58.103062Z,1373525,34.31000000,0.00060000,buy,2022-05-15 16:56:58.103062+00:00
2022-05-15T16:56:14.823746Z,1373524,34.44000000,4.19940000,sell,2022-05-15 16:56:14.823746+00:00
2022-05-15T16:56:14.812802Z,1373523,34.44000000,4.35110000,sell,2022-05-15 16:56:14.812802+00:00
2022-05-15T16:56:14.812802Z,1373522,34.42000000,0.99370000,sell,2022-05-15 16:56:14.812802+00:00
2022-05-15T16:56:14.812802Z,1373521,34.42000000,1.20470000,sell,2022-05-15 16:56:14.812802+00:00
2022-05-15T16:56:14.800506Z,1373520,34.44000000,1.27240000,sell,2022-05-15 16:56:14.800506+00:00
2022-05-15T16:56:14.800506Z,1373519,34.44000000,0.09700000,sell,2022-05-15 16:56:14.800506+00:00
2022-05-15T16:56:14.800506Z,1373518,34.41000000,1.16560000,sell,2022-05-15 16:56:14.800506+00:00
2022-05-15T16:56:14.787788Z,1373517,34.44000000,0.35480000,sell,2022-05-15 16:56:14.787788+00:00
2022-05-15T16:56:14.787788Z,1373516,34.42000000,0.89090000,sell,2022-05-15 16:56:14.787788+00:00
2022-05-15T16:56:14.787788Z,1373515,34.42000000,1.20850000,sell,2022-05-15 16:56:14.787788+00:00
2022-05-15T16:56:14.777044Z,1373514,34.42000000,0.09900000,sell,2022-05-15 16:56:14.777044+00:00
2022-05-15T16:56:14.777044Z,1373513,34.40000000,0.86690000,sell,2022-05-15 16:56:14.777044+00:00
2022-05-15T16:56:14.777044Z,1373512,34.40000000,1.33150000,sell,2022-05-15 16:56:14.777044+00:00
2022-05-15T16:56:14.765138Z,1373511,34.44000000,0.32430000,sell,2022-05-15 16:56:14.765138+00:00
2022-05-15T16:56:14.765138Z,1373510,34.39000000,0.99670000,sell,2022-05-15 16:56:14.765138+00:00
2022-05-15T16:56:14.765138Z,1373509,34.39000000,1.20170000,sell,2022-05-15 16:56:14.765138+00:00
2022-05-15T16:56:14.754158Z,1373508,34.44000000,0.64490000,sell,2022-05-15 16:56:14.754158+00:00
2022-05-15T16:56:14.754158Z,1373507,34.42000000,0.75600000,sell,2022-05-15 16:56:14.754158+00:00
2022-05-15T16:56:14.754158Z,1373506,34.42000000,0.23230000,sell,2022-05-15 16:56:14.754158+00:00
2022-05-15T16:56:14.754158Z,1373505,34.41000000,0.88280000,sell,2022-05-15 16:56:14.754158+00:00
2022-05-15T16:56:14.742895Z,1373504,34.44000000,1.05020000,sell,2022-05-15 16:56:14.742895+00:00
2022-05-15T16:56:14.742895Z,1373503,34.44000000,1.06800000,sell,2022-05-15 16:56:14.742895+00:00
2022-05-15T16:56:14.730335Z,1373502,34.41000000,0.44010000,sell,2022-05-15 16:56:14.730335+00:00
2022-05-15T16:56:14.730335Z,1373501,34.39000000,0.96560000,sell,2022-05-15 16:56:14.730335+00:00
2022-05-15T16:56:14.730335Z,1373500,34.39000000,1.23280000,sell,2022-05-15 16:56:14.730335+00:00
2022-05-15T16:56:14.722134Z,1373499,34.31000000,0.08400000,buy,2022-05-15 16:56:14.722134+00:00
2022-05-15T16:56:14.719042Z,1373498,34.45000000,0.27330000,sell,2022-05-15 16:56:14.719042+00:00
2022-05-15T16:56:14.719042Z,1373497,34.43000000,0.88750000,sell,2022-05-15 16:56:14.719042+00:00
2022-05-15T16:56:14.719042Z,1373496,34.43000000,1.20740000,sell,2022-05-15 16:56:14.719042+00:00
2022-05-15T16:56:14.70779Z,1373495,34.43000000,0.03250000,sell,2022-05-15 16:56:14.707790+00:00
2022-05-15T16:56:14.70779Z,1373494,34.41000000,0.96540000,sell,2022-05-15 16:56:14.707790+00:00
2022-05-15T16:56:14.70779Z,1373493,34.41000000,1.12590000,sell,2022-05-15 16:56:14.707790+00:00
2022-05-15T16:56:14.70779Z,1373492,34.35000000,0.07400000,sell,2022-05-15 16:56:14.707790+00:00
2022-05-15T16:56:14.696419Z,1373491,34.33000000,1.37990000,sell,2022-05-15 16:56:14.696419+00:00
2022-05-15T16:56:14.696419Z,1373490,34.33000000,0.09580000,sell,2022-05-15 16:56:14.696419+00:00
2022-05-15T16:55:49.905053Z,1373489,34.22000000,0.37300000,sell,2022-05-15 16:55:49.905053+00:00
2022-05-15T16:55:49.897463Z,1373488,34.22000000,0.41090000,sell,2022-05-15 16:55:49.897463+00:00
2022-05-15T16:55:49.890203Z,1373487,34.22000000,0.41450000,sell,2022-05-15 16:55:49.890203+00:00
2022-05-15T16:55:49.878748Z,1373486,34.22000000,0.36000000,sell,2022-05-15 16:55:49.878748+00:00
2022-05-15T16:55:49.875497Z,1373485,34.21000000,0.00480000,buy,2022-05-15 16:55:49.875497+00:00
2022-05-15T16:55:49.867281Z,1373484,34.22000000,0.39840000,sell,2022-05-15 16:55:49.867281+00:00
2022-05-15T16:55:49.856156Z,1373483,34.22000000,0.32960000,sell,2022-05-15 16:55:49.856156+00:00
2022-05-15T16:55:35.342627Z,1373482,34.23000000,0.82760000,buy,2022-05-15 16:55:35.342627+00:00
2022-05-15T16:55:35.305783Z,1373481,34.23000000,1.17130000,buy,2022-05-15 16:55:35.305783+00:00
2022-05-15T16:55:34.008632Z,1373480,34.23000000,0.09880000,sell,2022-05-15 16:55:34.008632+00:00
2022-05-15T16:55:34.000638Z,1373479,34.23000000,0.39010000,sell,2022-05-15 16:55:34.000638+00:00
2022-05-15T16:55:33.983797Z,1373478,34.23000000,0.42950000,sell,2022-05-15 16:55:33.983797+00:00
2022-05-15T16:55:33.983797Z,1373477,34.23000000,0.53390000,sell,2022-05-15 16:55:33.983797+00:00
2022-05-15T16:55:33.968766Z,1373476,34.23000000,0.46890000,sell,2022-05-15 16:55:33.968766+00:00
2022-05-15T16:55:33.935707Z,1373475,34.23000000,0.48690000,sell,2022-05-15 16:55:33.935707+00:00
2022-05-15T16:55:33.816525Z,1373474,34.14000000,12.74740000,buy,2022-05-15 16:55:33.816525+00:00
2022-05-15T16:55:33.816525Z,1373473,34.17000000,1.82630000,buy,2022-05-15 16:55:33.816525+00:00
2022-05-15T16:55:33.816525Z,1373472,34.19000000,0.74820000,buy,2022-05-15 16:55:33.816525+00:00
2022-05-15T16:55:33.816525Z,1373471,34.19000000,1.26610000,buy,2022-05-15 16:55:33.816525+00:00
2022-05-15T16:55:33.816525Z,1373470,34.21000000,1.05980000,buy,2022-05-15 16:55:33.816525+00:00
2022-05-15T16:55:33.816525Z,1373469,34.21000000,0.79560000,buy,2022-05-15 16:55:33.816525+00:00
2022-05-15T16:55:33.816525Z,1373468,34.22000000,1.89090000,buy,2022-05-15 16:55:33.816525+00:00
2022-05-15T16:55:33.816525Z,1373467,34.22000000,2.10910000,buy,2022-05-15 16:55:33.816525+00:00
2022-05-15T16:55:33.816525Z,1373466,34.22000000,0.27700000,buy,2022-05-15 16:55:33.816525+00:00
2022-05-15T16:55:33.816525Z,1373465,34.22000000,2.41170000,buy,2022-05-15 16:55:33.816525+00:00
2022-05-15T16:55:33.816525Z,1373464,34.22000000,2.73260000,buy,2022-05-15 16:55:33.816525+00:00
2022-05-15T16:55:33.800907Z,1373463,34.22000000,2.21440000,buy,2022-05-15 16:55:33.800907+00:00
2022-05-15T16:55:33.800907Z,1373462,34.22000000,2.08960000,buy,2022-05-15 16:55:33.800907+00:00
2022-05-15T16:55:33.800907Z,1373461,34.22000000,2.35860000,buy,2022-05-15 16:55:33.800907+00:00
2022-05-15T16:55:33.800907Z,1373460,34.22000000,2.62880000,buy,2022-05-15 16:55:33.800907+00:00
2022-05-15T16:55:33.800907Z,1373459,34.22000000,1.27880000,buy,2022-05-15 16:55:33.800907+00:00
2022-05-15T16:55:33.800907Z,1373458,34.23000000,0.90640000,buy,2022-05-15 16:55:33.800907+00:00
2022-05-15T16:55:33.800907Z,1373457,34.23000000,2.27450000,buy,2022-05-15 16:55:33.800907+00:00
2022-05-15T16:55:33.800907Z,1373456,34.23000000,0.81910000,buy,2022-05-15 16:55:33.800907+00:00
2022-05-15T16:55:33.800907Z,1373455,34.23000000,1.60750000,buy,2022-05-15 16:55:33.800907+00:00
2022-05-15T16:55:33.800907Z,1373454,34.23000000,0.49350000,buy,2022-05-15 16:55:33.800907+00:00
2022-05-15T16:55:33.800907Z,1373453,34.24000000,1.90480000,buy,2022-05-15 16:55:33.800907+00:00
2022-05-15T16:55:06.402866Z,1373452,34.25000000,0.31150000,sell,2022-05-15 16:55:06.402866+00:00
2022-05-15T16:55:06.389593Z,1373451,34.25000000,2.06150000,buy,2022-05-15 16:55:06.389593+00:00
2022-05-15T16:54:49.031824Z,1373450,34.26000000,0.66690000,sell,2022-05-15 16:54:49.031824+00:00
2022-05-15T16:54:49.023662Z,1373449,34.26000000,0.17530000,sell,2022-05-15 16:54:49.023662+00:00
2022-05-15T16:54:49.019878Z,1373448,34.26000000,0.73710000,sell,2022-05-15 16:54:49.019878+00:00
2022-05-15T16:54:49.008144Z,1373447,34.26000000,0.17530000,sell,2022-05-15 16:54:49.008144+00:00
2022-05-15T16:54:49.004811Z,1373446,34.26000000,0.54640000,sell,2022-05-15 16:54:49.004811+00:00
2022-05-15T16:54:48.993247Z,1373445,34.26000000,0.01260000,buy,2022-05-15 16:54:48.993247+00:00
2022-05-15T16:54:48.993247Z,1373444,34.27000000,0.27370000,buy,2022-05-15 16:54:48.993247+00:00
2022-05-15T16:54:48.982257Z,1373443,34.27000000,0.80390000,buy,2022-05-15 16:54:48.982257+00:00
2022-05-15T16:54:48.970155Z,1373442,34.27000000,0.97290000,buy,2022-05-15 16:54:48.970155+00:00
2022-05-15T16:53:32.039562Z,1373441,34.45000000,0.24750000,buy,2022-05-15 16:53:32.039562+00:00
2022-05-15T16:53:32.027744Z,1373440,34.45000000,0.27500000,buy,2022-05-15 16:53:32.027744+00:00
2022-05-15T16:53:32.016635Z,1373439,34.45000000,0.29960000,buy,2022-05-15 16:53:32.016635+00:00
2022-05-15T16:53:32.004697Z,1373438,34.45000000,0.28890000,buy,2022-05-15 16:53:32.004697+00:00
2022-05-15T16:53:31.993355Z,1373437,34.45000000,0.28650000,buy,2022-05-15 16:53:31.993355+00:00
2022-05-15T16:53:31.993355Z,1373436,34.45000000,0.24020000,buy,2022-05-15 16:53:31.993355+00:00
2022-05-15T16:53:31.98249Z,1373435,34.45000000,0.24610000,buy,2022-05-15 16:53:31.982490+00:00
2022-05-15T16:53:31.970275Z,1373434,34.45000000,0.27010000,buy,2022-05-15 16:53:31.970275+00:00
2022-05-15T16:53:31.958612Z,1373433,34.45000000,0.24890000,buy,2022-05-15 16:53:31.958612+00:00
2022-05-15T16:53:31.951006Z,1373432,34.47000000,0.24550000,buy,2022-05-15 16:53:31.951006+00:00
2022-05-15T16:53:31.939337Z,1373431,34.47000000,0.25120000,buy,2022-05-15 16:53:31.939337+00:00
2022-05-15T16:53:31.931163Z,1373430,34.47000000,0.25680000,buy,2022-05-15 16:53:31.931163+00:00
2022-05-15T16:53:31.919693Z,1373429,34.47000000,0.26070000,buy,2022-05-15 16:53:31.919693+00:00
2022-05-15T16:53:31.908122Z,1373428,34.47000000,0.27630000,buy,2022-05-15 16:53:31.908122+00:00
2022-05-15T16:53:31.908122Z,1373427,34.47000000,0.29990000,buy,2022-05-15 16:53:31.908122+00:00
2022-05-15T16:53:31.895543Z,1373426,34.47000000,0.29030000,buy,2022-05-15 16:53:31.895543+00:00
2022-05-15T16:53:31.884878Z,1373425,34.47000000,0.27090000,buy,2022-05-15 16:53:31.884878+00:00
2022-05-15T16:53:31.87645Z,1373424,34.45000000,0.25400000,buy,2022-05-15 16:53:31.876450+00:00
2022-05-15T16:53:31.864956Z,1373423,34.45000000,0.17110000,buy,2022-05-15 16:53:31.864956+00:00
2022-05-15T16:53:31.864956Z,1373422,34.47000000,0.10880000,buy,2022-05-15 16:53:31.864956+00:00
2022-05-15T16:53:31.851984Z,1373421,34.47000000,0.29190000,buy,2022-05-15 16:53:31.851984+00:00
2022-05-15T16:53:31.839458Z,1373420,34.47000000,0.29500000,buy,2022-05-15 16:53:31.839458+00:00
2022-05-15T16:53:31.828342Z,1373419,34.47000000,0.25430000,buy,2022-05-15 16:53:31.828342+00:00
2022-05-15T16:53:31.817119Z,1373418,34.47000000,0.28330000,buy,2022-05-15 16:53:31.817119+00:00
2022-05-15T16:53:31.817119Z,1373417,34.47000000,0.23860000,buy,2022-05-15 16:53:31.817119+00:00
2022-05-15T16:53:31.804832Z,1373416,34.47000000,0.23400000,buy,2022-05-15 16:53:31.804832+00:00
2022-05-15T16:53:31.793728Z,1373415,34.47000000,0.22430000,buy,2022-05-15 16:53:31.793728+00:00
2022-05-15T16:53:31.782737Z,1373414,34.47000000,0.26820000,buy,2022-05-15 16:53:31.782737+00:00
2022-05-15T16:53:31.771991Z,1373413,34.45000000,0.25810000,buy,2022-05-15 16:53:31.771991+00:00
2022-05-15T16:53:31.760311Z,1373412,34.45000000,0.25580000,buy,2022-05-15 16:53:31.760311+00:00
2022-05-15T16:53:31.753691Z,1373411,34.46000000,0.25510000,sell,2022-05-15 16:53:31.753691+00:00
2022-05-15T16:53:31.749833Z,1373410,34.45000000,0.23460000,buy,2022-05-15 16:53:31.749833+00:00
2022-05-15T16:53:31.737962Z,1373409,34.45000000,0.21740000,buy,2022-05-15 16:53:31.737962+00:00
2022-05-15T16:53:31.726546Z,1373408,34.45000000,0.27570000,buy,2022-05-15 16:53:31.726546+00:00
2022-05-15T16:53:31.726498Z,1373407,34.46000000,0.27610000,sell,2022-05-15 16:53:31.726498+00:00
2022-05-15T16:53:31.726498Z,1373406,34.46000000,0.00080000,sell,2022-05-15 16:53:31.726498+00:00
2022-05-15T16:53:31.707436Z,1373405,34.46000000,0.26330000,sell,2022-05-15 16:53:31.707436+00:00
2022-05-15T16:53:31.699407Z,1373404,34.46000000,0.02730000,sell,2022-05-15 16:53:31.699407+00:00
2022-05-15T16:53:31.69283Z,1373403,34.46000000,0.26330000,sell,2022-05-15 16:53:31.692830+00:00
2022-05-15T16:53:31.69283Z,1373402,34.46000000,0.01220000,sell,2022-05-15 16:53:31.692830+00:00
2022-05-15T16:53:31.689217Z,1373401,34.46000000,0.02050000,sell,2022-05-15 16:53:31.689217+00:00
2022-05-15T16:53:31.677287Z,1373400,34.46000000,0.24280000,sell,2022-05-15 16:53:31.677287+00:00
2022-05-15T16:53:31.677287Z,1373399,34.46000000,0.02050000,sell,2022-05-15 16:53:31.677287+00:00
2022-05-15T16:53:31.673775Z,1373398,34.46000000,0.27290000,sell,2022-05-15 16:53:31.673775+00:00
2022-05-15T16:53:31.653777Z,1373397,34.48000000,0.26330000,sell,2022-05-15 16:53:31.653777+00:00
2022-05-15T16:53:31.653777Z,1373396,34.46000000,0.27290000,sell,2022-05-15 16:53:31.653777+00:00
2022-05-15T16:53:31.653777Z,1373395,34.46000000,0.26130000,sell,2022-05-15 16:53:31.653777+00:00
2022-05-15T16:53:31.653777Z,1373394,34.46000000,0.05160000,sell,2022-05-15 16:53:31.653777+00:00
2022-05-15T16:53:31.641869Z,1373393,34.46000000,0.27120000,sell,2022-05-15 16:53:31.641869+00:00
2022-05-15T16:53:31.637733Z,1373392,34.44000000,0.08100000,buy,2022-05-15 16:53:31.637733+00:00
2022-05-15T16:53:31.637733Z,1373391,34.46000000,0.02470000,sell,2022-05-15 16:53:31.637733+00:00
2022-05-15T16:53:31.625837Z,1373390,34.48000000,0.29590000,sell,2022-05-15 16:53:31.625837+00:00
2022-05-15T16:53:31.609195Z,1373389,34.48000000,0.29760000,sell,2022-05-15 16:53:31.609195+00:00
2022-05-15T16:53:31.60896Z,1373388,34.48000000,0.04330000,sell,2022-05-15 16:53:31.608960+00:00
2022-05-15T16:53:31.600333Z,1373387,34.48000000,0.24760000,sell,2022-05-15 16:53:31.600333+00:00
2022-05-15T16:53:31.583601Z,1373386,34.48000000,0.24760000,sell,2022-05-15 16:53:31.583601+00:00
2022-05-15T16:53:31.57746Z,1373385,34.48000000,0.27290000,sell,2022-05-15 16:53:31.577460+00:00
2022-05-15T16:53:31.55154Z,1373384,34.48000000,0.24630000,buy,2022-05-15 16:53:31.551540+00:00
2022-05-15T16:53:31.541752Z,1373383,34.49000000,0.16770000,sell,2022-05-15 16:53:31.541752+00:00
2022-05-15T16:53:31.53802Z,1373382,34.48000000,0.29440000,buy,2022-05-15 16:53:31.538020+00:00
2022-05-15T16:53:31.523656Z,1373381,34.48000000,0.25290000,buy,2022-05-15 16:53:31.523656+00:00
2022-05-15T16:53:31.523656Z,1373380,34.50000000,0.08890000,buy,2022-05-15 16:53:31.523656+00:00
2022-05-15T16:53:31.504574Z,1373379,34.50000000,0.25630000,buy,2022-05-15 16:53:31.504574+00:00
2022-05-15T16:53:31.49263Z,1373378,34.50000000,0.28720000,buy,2022-05-15 16:53:31.492630+00:00
2022-05-15T16:53:31.48136Z,1373377,34.50000000,0.25920000,buy,2022-05-15 16:53:31.481360+00:00
2022-05-15T16:53:31.464894Z,1373376,34.50000000,0.25310000,buy,2022-05-15 16:53:31.464894+00:00
2022-05-15T16:53:31.451578Z,1373375,34.50000000,0.25120000,buy,2022-05-15 16:53:31.451578+00:00
2022-05-15T16:53:31.438581Z,1373374,34.50000000,0.26500000,buy,2022-05-15 16:53:31.438581+00:00
2022-05-15T16:53:31.426762Z,1373373,34.50000000,0.26570000,buy,2022-05-15 16:53:31.426762+00:00
2022-05-15T16:53:31.410198Z,1373372,34.50000000,0.27180000,buy,2022-05-15 16:53:31.410198+00:00
2022-05-15T16:52:59.91474Z,1373371,34.52000000,2.09040000,buy,2022-05-15 16:52:59.914740+00:00
2022-05-15T16:52:59.91474Z,1373370,34.54000000,2.19840000,buy,2022-05-15 16:52:59.914740+00:00
2022-05-15T16:52:59.383664Z,1373369,34.61000000,0.63630000,buy,2022-05-15 16:52:59.383664+00:00
2022-05-15T16:52:59.383664Z,1373368,34.64000000,3.72930000,buy,2022-05-15 16:52:59.383664+00:00
2022-05-15T16:52:59.383664Z,1373367,34.66000000,2.19840000,buy,2022-05-15 16:52:59.383664+00:00
2022-05-15T16:52:58.856069Z,1373366,34.61000000,0.25200000,buy,2022-05-15 16:52:58.856069+00:00
2022-05-15T16:52:58.522108Z,1373365,34.60000000,0.00720000,buy,2022-05-15 16:52:58.522108+00:00
2022-05-15T16:52:49.227233Z,1373364,34.52000000,0.34460000,buy,2022-05-15 16:52:49.227233+00:00
2022-05-15T16:52:49.215715Z,1373363,34.52000000,0.17230000,buy,2022-05-15 16:52:49.215715+00:00
2022-05-15T16:52:43.783574Z,1373362,34.65000000,4.01740000,sell,2022-05-15 16:52:43.783574+00:00
2022-05-15T16:52:42.892957Z,1373361,34.66000000,56.12940000,sell,2022-05-15 16:52:42.892957+00:00
2022-05-15T16:52:40.315276Z,1373360,34.84000000,1.24100000,buy,2022-05-15 16:52:40.315276+00:00
2022-05-15T16:52:40.312579Z,1373359,34.94000000,7.98430000,sell,2022-05-15 16:52:40.312579+00:00
2022-05-15T16:52:40.312579Z,1373358,34.94000000,2.01570000,sell,2022-05-15 16:52:40.312579+00:00
2022-05-15T16:52:40.296509Z,1373357,34.93000000,2.19840000,sell,2022-05-15 16:52:40.296509+00:00
2022-05-15T16:52:40.250692Z,1373356,34.84000000,0.32510000,buy,2022-05-15 16:52:40.250692+00:00
2022-05-15T16:52:40.203197Z,1373355,34.84000000,0.66610000,buy,2022-05-15 16:52:40.203197+00:00
2022-05-15T16:52:40.175182Z,1373354,34.84000000,1.32620000,buy,2022-05-15 16:52:40.175182+00:00
2022-05-15T16:52:40.145173Z,1373353,34.84000000,0.40000000,buy,2022-05-15 16:52:40.145173+00:00
2022-05-15T16:52:40.137715Z,1373352,34.84000000,2.19840000,buy,2022-05-15 16:52:40.137715+00:00
2022-05-15T16:52:40.127194Z,1373351,34.85000000,0.10000000,buy,2022-05-15 16:52:40.127194+00:00
2022-05-15T16:52:40.123661Z,1373350,34.85000000,2.19840000,buy,2022-05-15 16:52:40.123661+00:00
2022-05-15T16:52:40.122851Z,1373349,34.85000000,0.10000000,buy,2022-05-15 16:52:40.122851+00:00
2022-05-15T16:52:40.111455Z,1373348,34.85000000,0.10000000,buy,2022-05-15 16:52:40.111455+00:00
2022-05-15T16:52:40.111341Z,1373347,34.85000000,2.19840000,buy,2022-05-15 16:52:40.111341+00:00
2022-05-15T16:52:40.09729Z,1373346,34.85000000,2.19840000,buy,2022-05-15 16:52:40.097290+00:00
2022-05-15T16:52:40.073412Z,1373345,34.84000000,2.84310000,buy,2022-05-15 16:52:40.073412+00:00
2022-05-15T16:52:40.073412Z,1373344,34.85000000,2.19840000,buy,2022-05-15 16:52:40.073412+00:00
2022-05-15T16:52:39.872239Z,1373343,34.56000000,0.01230000,sell,2022-05-15 16:52:39.872239+00:00
2022-05-15T16:52:39.872239Z,1373342,34.44000000,1.86850000,sell,2022-05-15 16:52:39.872239+00:00
2022-05-15T16:52:38.975284Z,1373341,34.25000000,0.04710000,sell,2022-05-15 16:52:38.975284+00:00
2022-05-15T16:52:38.970589Z,1373340,34.25000000,0.09430000,sell,2022-05-15 16:52:38.970589+00:00
2022-05-15T16:52:38.833041Z,1373339,34.24000000,2.97470000,sell,2022-05-15 16:52:38.833041+00:00
2022-05-15T16:52:38.833041Z,1373338,34.20000000,3.15850000,sell,2022-05-15 16:52:38.833041+00:00
2022-05-15T16:52:38.833041Z,1373337,34.18000000,1.90960000,sell,2022-05-15 16:52:38.833041+00:00
2022-05-15T16:52:38.833041Z,1373336,34.15000000,16.03270000,sell,2022-05-15 16:52:38.833041+00:00
2022-05-15T16:52:38.822082Z,1373335,34.24000000,4.32970000,sell,2022-05-15 16:52:38.822082+00:00
2022-05-15T16:52:38.822082Z,1373334,34.22000000,18.80470000,sell,2022-05-15 16:52:38.822082+00:00
2022-05-15T16:52:38.811176Z,1373333,34.22000000,5.96090000,sell,2022-05-15 16:52:38.811176+00:00
2022-05-15T16:52:38.811176Z,1373332,34.20000000,2.19840000,sell,2022-05-15 16:52:38.811176+00:00
2022-05-15T16:52:38.811176Z,1373331,34.16000000,16.03270000,sell,2022-05-15 16:52:38.811176+00:00
2022-05-15T16:52:38.799548Z,1373330,34.22000000,10.49030000,sell,2022-05-15 16:52:38.799548+00:00
2022-05-15T16:52:38.799548Z,1373329,34.21000000,1.86020000,sell,2022-05-15 16:52:38.799548+00:00
2022-05-15T16:52:38.799548Z,1373328,34.19000000,2.20860000,sell,2022-05-15 16:52:38.799548+00:00
2022-05-15T16:52:38.799548Z,1373327,34.17000000,1.96990000,sell,2022-05-15 16:52:38.799548+00:00
2022-05-15T16:52:38.799548Z,1373326,34.17000000,6.91650000,sell,2022-05-15 16:52:38.799548+00:00
2022-05-15T16:52:38.788525Z,1373325,34.17000000,15.54530000,sell,2022-05-15 16:52:38.788525+00:00
2022-05-15T16:52:38.788525Z,1373324,34.16000000,4.00000000,sell,2022-05-15 16:52:38.788525+00:00
2022-05-15T16:52:38.788525Z,1373323,34.15000000,2.19840000,sell,2022-05-15 16:52:38.788525+00:00
