time,trade_id,price,size,side,date
2022-05-14T22:17:12.12573Z,136189,0.99800000,2.46000000,buy,2022-05-14 22:17:12.125730+00:00
2022-05-14T22:10:56.201337Z,136188,1.00000000,28.87000000,sell,2022-05-14 22:10:56.201337+00:00
2022-05-14T21:15:56.860603Z,136187,0.99900000,2.83000000,buy,2022-05-14 21:15:56.860603+00:00
2022-05-14T21:15:30.940041Z,136186,1.00000000,6.98000000,sell,2022-05-14 21:15:30.940041+00:00
2022-05-14T21:14:09.286574Z,136185,1.00000000,2.83000000,sell,2022-05-14 21:14:09.286574+00:00
2022-05-14T21:03:37.774335Z,136184,1.00000000,96.53000000,sell,2022-05-14 21:03:37.774335+00:00
2022-05-14T20:14:07.209526Z,136183,1.00000000,20.00000000,sell,2022-05-14 20:14:07.209526+00:00
2022-05-14T20:13:00.507013Z,136182,0.99900000,883.12000000,buy,2022-05-14 20:13:00.507013+00:00
2022-05-14T19:43:20.118176Z,136181,0.99900000,1.00000000,buy,2022-05-14 19:43:20.118176+00:00
2022-05-14T19:29:27.243177Z,136180,1.00000000,3.89000000,sell,2022-05-14 19:29:27.243177+00:00
2022-05-14T19:14:12.541322Z,136179,0.99900000,271.14000000,buy,2022-05-14 19:14:12.541322+00:00
2022-05-14T19:05:40.372298Z,136178,1.00000000,2.26000000,sell,2022-05-14 19:05:40.372298+00:00
2022-05-14T19:03:34.068628Z,136177,0.99900000,70.04000000,buy,2022-05-14 19:03:34.068628+00:00
2022-05-14T19:00:36.030104Z,136176,1.00000000,96.53000000,sell,2022-05-14 19:00:36.030104+00:00
2022-05-14T19:00:01.902214Z,136175,0.99900000,52.85000000,buy,2022-05-14 19:00:01.902214+00:00
2022-05-14T18:55:48.08803Z,136174,1.00000000,1.97000000,sell,2022-05-14 18:55:48.088030+00:00
2022-05-14T18:51:41.511455Z,136173,0.99900000,20.00000000,buy,2022-05-14 18:51:41.511455+00:00
2022-05-14T18:41:43.81098Z,136172,1.00000000,52.85000000,sell,2022-05-14 18:41:43.810980+00:00
2022-05-14T18:38:59.144716Z,136171,0.99900000,1.10000000,buy,2022-05-14 18:38:59.144716+00:00
2022-05-14T18:32:21.726907Z,136170,0.99900000,5.49000000,buy,2022-05-14 18:32:21.726907+00:00
2022-05-14T18:30:41.574398Z,136169,0.99800000,5.73000000,buy,2022-05-14 18:30:41.574398+00:00
2022-05-14T18:27:53.899119Z,136168,1.00000000,222.56000000,sell,2022-05-14 18:27:53.899119+00:00
2022-05-14T17:49:34.384999Z,136167,1.00000000,29.07000000,sell,2022-05-14 17:49:34.384999+00:00
2022-05-14T17:41:57.82533Z,136166,0.99900000,3.00000000,buy,2022-05-14 17:41:57.825330+00:00
2022-05-14T17:41:05.027032Z,136165,0.99900000,3.00000000,buy,2022-05-14 17:41:05.027032+00:00
2022-05-14T17:39:18.146172Z,136164,1.00000000,85.56000000,sell,2022-05-14 17:39:18.146172+00:00
2022-05-14T17:37:20.032984Z,136163,0.99900000,2.47000000,buy,2022-05-14 17:37:20.032984+00:00
2022-05-14T17:35:29.108841Z,136162,0.99900000,2.47000000,buy,2022-05-14 17:35:29.108841+00:00
2022-05-14T17:33:18.411998Z,136161,0.99900000,2.47000000,buy,2022-05-14 17:33:18.411998+00:00
2022-05-14T17:31:03.357607Z,136160,0.99900000,2.47000000,buy,2022-05-14 17:31:03.357607+00:00
2022-05-14T17:27:25.882816Z,136159,0.99900000,2.47000000,buy,2022-05-14 17:27:25.882816+00:00
2022-05-14T17:25:03.859094Z,136158,0.99900000,95.68000000,buy,2022-05-14 17:25:03.859094+00:00
2022-05-14T17:19:30.93405Z,136157,0.99900000,291.22000000,buy,2022-05-14 17:19:30.934050+00:00
2022-05-14T17:05:59.561145Z,136156,0.99900000,2.00000000,buy,2022-05-14 17:05:59.561145+00:00
2022-05-14T17:05:06.778858Z,136155,0.99900000,2.00000000,buy,2022-05-14 17:05:06.778858+00:00
2022-05-14T17:04:02.98264Z,136154,0.99900000,2.00000000,buy,2022-05-14 17:04:02.982640+00:00
2022-05-14T17:03:21.614558Z,136153,0.99900000,2.00000000,buy,2022-05-14 17:03:21.614558+00:00
2022-05-14T17:01:49.558291Z,136152,1.00000000,1.97000000,sell,2022-05-14 17:01:49.558291+00:00
2022-05-14T17:00:37.144939Z,136151,1.00000000,1.47000000,sell,2022-05-14 17:00:37.144939+00:00
2022-05-14T17:00:22.986227Z,136150,0.99900000,1681.55000000,buy,2022-05-14 17:00:22.986227+00:00
2022-05-14T16:59:26.033586Z,136149,1.00000000,1681.55000000,sell,2022-05-14 16:59:26.033586+00:00
2022-05-14T16:57:14.016688Z,136148,1.00000000,14.14000000,sell,2022-05-14 16:57:14.016688+00:00
2022-05-14T16:51:37.158809Z,136147,0.99900000,90.05000000,buy,2022-05-14 16:51:37.158809+00:00
2022-05-14T16:43:55.812829Z,136146,0.99900000,197.94000000,buy,2022-05-14 16:43:55.812829+00:00
2022-05-14T16:21:17.115934Z,136145,0.99900000,1001.89000000,buy,2022-05-14 16:21:17.115934+00:00
2022-05-14T16:19:49.554129Z,136144,0.99900000,1.23000000,buy,2022-05-14 16:19:49.554129+00:00
2022-05-14T16:15:21.41387Z,136143,0.99900000,20.01000000,buy,2022-05-14 16:15:21.413870+00:00
2022-05-14T16:12:43.574518Z,136142,0.99900000,28.69000000,buy,2022-05-14 16:12:43.574518+00:00
2022-05-14T16:12:41.432509Z,136141,1.00000000,28.69000000,sell,2022-05-14 16:12:41.432509+00:00
2022-05-14T15:59:32.520065Z,136140,1.00000000,1.96000000,sell,2022-05-14 15:59:32.520065+00:00
2022-05-14T15:44:21.791492Z,136139,0.99900000,25.90000000,buy,2022-05-14 15:44:21.791492+00:00
2022-05-14T15:14:02.304647Z,136138,1.00000000,3.99000000,sell,2022-05-14 15:14:02.304647+00:00
2022-05-14T15:11:28.461888Z,136137,0.99900000,3.58000000,buy,2022-05-14 15:11:28.461888+00:00
2022-05-14T15:11:28.461888Z,136136,0.99900000,1.00000000,buy,2022-05-14 15:11:28.461888+00:00
2022-05-14T14:25:06.105055Z,136135,1.00000000,3.92000000,sell,2022-05-14 14:25:06.105055+00:00
2022-05-14T14:00:15.178888Z,136134,1.00000000,47.77000000,sell,2022-05-14 14:00:15.178888+00:00
2022-05-14T13:55:01.828107Z,136133,0.99900000,1.00000000,buy,2022-05-14 13:55:01.828107+00:00
2022-05-14T13:36:33.794544Z,136132,0.99900000,1.89000000,buy,2022-05-14 13:36:33.794544+00:00
2022-05-14T13:31:12.275953Z,136131,0.99900000,1.15000000,buy,2022-05-14 13:31:12.275953+00:00
2022-05-14T13:26:17.616688Z,136130,0.99900000,8.67000000,buy,2022-05-14 13:26:17.616688+00:00
2022-05-14T13:25:04.16441Z,136129,0.99900000,46.20000000,buy,2022-05-14 13:25:04.164410+00:00
2022-05-14T13:22:44.199531Z,136128,1.00000000,10.74000000,sell,2022-05-14 13:22:44.199531+00:00
2022-05-14T13:12:13.23067Z,136127,1.00000000,203.75000000,sell,2022-05-14 13:12:13.230670+00:00
2022-05-14T13:09:11.722948Z,136126,1.00000000,46.20000000,sell,2022-05-14 13:09:11.722948+00:00
2022-05-14T12:52:04.128898Z,136125,0.99900000,145.87000000,buy,2022-05-14 12:52:04.128898+00:00
2022-05-14T12:39:04.457613Z,136124,0.99900000,84.36000000,buy,2022-05-14 12:39:04.457613+00:00
2022-05-14T12:30:45.757307Z,136123,0.99900000,1.19000000,buy,2022-05-14 12:30:45.757307+00:00
2022-05-14T12:13:06.127006Z,136122,0.99900000,1.00000000,buy,2022-05-14 12:13:06.127006+00:00
2022-05-14T11:59:31.0746Z,136121,0.99900000,1.00000000,buy,2022-05-14 11:59:31.074600+00:00
2022-05-14T11:59:10.450265Z,136120,0.99900000,1.00000000,buy,2022-05-14 11:59:10.450265+00:00
2022-05-14T11:58:14.355584Z,136119,0.99900000,1.00000000,buy,2022-05-14 11:58:14.355584+00:00
2022-05-14T11:57:19.854714Z,136118,0.99900000,1.00000000,buy,2022-05-14 11:57:19.854714+00:00
2022-05-14T11:56:31.745131Z,136117,0.99900000,1.00000000,buy,2022-05-14 11:56:31.745131+00:00
2022-05-14T11:55:54.55799Z,136116,0.99900000,1.00000000,buy,2022-05-14 11:55:54.557990+00:00
2022-05-14T11:55:36.149722Z,136115,0.99900000,1.00000000,buy,2022-05-14 11:55:36.149722+00:00
2022-05-14T11:54:53.6986Z,136114,0.99900000,1.00000000,buy,2022-05-14 11:54:53.698600+00:00
2022-05-14T11:54:31.966361Z,136113,0.99900000,1.00000000,buy,2022-05-14 11:54:31.966361+00:00
2022-05-14T11:54:08.148458Z,136112,0.99900000,1.00000000,buy,2022-05-14 11:54:08.148458+00:00
2022-05-14T11:53:43.550445Z,136111,0.99900000,1.00000000,buy,2022-05-14 11:53:43.550445+00:00
2022-05-14T11:52:49.402101Z,136110,0.99900000,1.00000000,buy,2022-05-14 11:52:49.402101+00:00
2022-05-14T11:52:01.729435Z,136109,0.99900000,1.00000000,buy,2022-05-14 11:52:01.729435+00:00
2022-05-14T11:51:14.8034Z,136108,0.99900000,1.00000000,buy,2022-05-14 11:51:14.803400+00:00
2022-05-14T11:50:43.150697Z,136107,0.99900000,1.00000000,buy,2022-05-14 11:50:43.150697+00:00
2022-05-14T11:50:02.254623Z,136106,0.99900000,1.00000000,buy,2022-05-14 11:50:02.254623+00:00
2022-05-14T11:49:41.025765Z,136105,0.99900000,1.00000000,buy,2022-05-14 11:49:41.025765+00:00
2022-05-14T11:49:03.171062Z,136104,0.99900000,1.00000000,buy,2022-05-14 11:49:03.171062+00:00
2022-05-14T11:48:00.976935Z,136103,0.99900000,1.00000000,buy,2022-05-14 11:48:00.976935+00:00
2022-05-14T11:47:33.167768Z,136102,0.99900000,1.00000000,buy,2022-05-14 11:47:33.167768+00:00
2022-05-14T11:46:49.676554Z,136101,0.99900000,1.00000000,buy,2022-05-14 11:46:49.676554+00:00
2022-05-14T11:46:25.852496Z,136100,0.99900000,1.00000000,buy,2022-05-14 11:46:25.852496+00:00
2022-05-14T11:46:10.335737Z,136099,1.00000000,1045.78000000,sell,2022-05-14 11:46:10.335737+00:00
2022-05-14T11:45:49.005491Z,136098,1.00000000,18.15000000,sell,2022-05-14 11:45:49.005491+00:00
2022-05-14T11:45:16.84556Z,136097,0.99900000,1.00000000,buy,2022-05-14 11:45:16.845560+00:00
2022-05-14T11:44:42.297602Z,136096,0.99900000,1.00000000,buy,2022-05-14 11:44:42.297602+00:00
2022-05-14T11:44:20.989159Z,136095,0.99900000,1.00000000,buy,2022-05-14 11:44:20.989159+00:00
2022-05-14T11:43:28.800423Z,136094,0.99900000,1.00000000,buy,2022-05-14 11:43:28.800423+00:00
2022-05-14T11:43:04.066426Z,136093,0.99900000,1.00000000,buy,2022-05-14 11:43:04.066426+00:00
2022-05-14T11:41:11.629823Z,136092,0.99900000,1.00000000,buy,2022-05-14 11:41:11.629823+00:00
2022-05-14T11:40:36.080368Z,136091,0.99900000,1.00000000,buy,2022-05-14 11:40:36.080368+00:00
2022-05-14T11:40:12.81357Z,136090,0.99900000,1.00000000,buy,2022-05-14 11:40:12.813570+00:00
2022-05-14T11:39:53.502574Z,136089,0.99900000,1.00000000,buy,2022-05-14 11:39:53.502574+00:00
2022-05-14T11:38:53.920429Z,136088,0.99900000,1.00000000,buy,2022-05-14 11:38:53.920429+00:00
2022-05-14T11:37:53.30154Z,136087,0.99900000,1.00000000,buy,2022-05-14 11:37:53.301540+00:00
2022-05-14T11:37:22.340978Z,136086,0.99900000,1.00000000,buy,2022-05-14 11:37:22.340978+00:00
2022-05-14T11:36:25.321097Z,136085,0.99900000,1.00000000,buy,2022-05-14 11:36:25.321097+00:00
2022-05-14T11:35:57.882455Z,136084,0.99900000,1.00000000,buy,2022-05-14 11:35:57.882455+00:00
2022-05-14T11:35:15.334507Z,136083,0.99900000,1.00000000,buy,2022-05-14 11:35:15.334507+00:00
2022-05-14T11:34:35.570365Z,136082,0.99900000,1.00000000,buy,2022-05-14 11:34:35.570365+00:00
2022-05-14T11:34:18.834148Z,136081,1.00000000,450.70000000,sell,2022-05-14 11:34:18.834148+00:00
2022-05-14T11:34:06.001971Z,136080,0.99900000,1.00000000,buy,2022-05-14 11:34:06.001971+00:00
2022-05-14T11:32:55.043354Z,136079,0.99900000,1.00000000,buy,2022-05-14 11:32:55.043354+00:00
2022-05-14T11:32:01.676189Z,136078,0.99900000,1.00000000,buy,2022-05-14 11:32:01.676189+00:00
2022-05-14T11:31:37.007723Z,136077,0.99900000,1.00000000,buy,2022-05-14 11:31:37.007723+00:00
2022-05-14T11:30:01.28852Z,136076,0.99900000,385.62000000,buy,2022-05-14 11:30:01.288520+00:00
2022-05-14T11:29:37.335648Z,136075,0.99900000,1.00000000,buy,2022-05-14 11:29:37.335648+00:00
2022-05-14T11:28:53.299011Z,136074,0.99900000,1.00000000,buy,2022-05-14 11:28:53.299011+00:00
2022-05-14T11:28:35.05875Z,136073,0.99900000,1.00000000,buy,2022-05-14 11:28:35.058750+00:00
2022-05-14T11:27:46.603611Z,136072,0.99900000,250.13000000,buy,2022-05-14 11:27:46.603611+00:00
2022-05-14T11:26:59.627027Z,136071,0.99900000,1.00000000,buy,2022-05-14 11:26:59.627027+00:00
2022-05-14T11:26:41.91964Z,136070,1.00000000,9.34000000,sell,2022-05-14 11:26:41.919640+00:00
2022-05-14T11:26:39.943943Z,136069,0.99900000,1.00000000,buy,2022-05-14 11:26:39.943943+00:00
2022-05-14T11:25:12.702089Z,136068,0.99900000,1.00000000,buy,2022-05-14 11:25:12.702089+00:00
2022-05-14T11:24:45.003825Z,136067,0.99900000,1.00000000,buy,2022-05-14 11:24:45.003825+00:00
2022-05-14T11:24:25.380066Z,136066,0.99900000,1.00000000,buy,2022-05-14 11:24:25.380066+00:00
2022-05-14T11:24:05.848158Z,136065,0.99900000,1.00000000,buy,2022-05-14 11:24:05.848158+00:00
2022-05-14T11:23:46.366254Z,136064,0.99900000,1.00000000,buy,2022-05-14 11:23:46.366254+00:00
2022-05-14T11:22:04.553777Z,136063,0.99900000,1.00000000,buy,2022-05-14 11:22:04.553777+00:00
2022-05-14T11:21:56.782718Z,136062,0.99900000,1.96000000,buy,2022-05-14 11:21:56.782718+00:00
2022-05-14T11:21:44.782657Z,136061,0.99900000,1.00000000,buy,2022-05-14 11:21:44.782657+00:00
2022-05-14T11:21:20.405992Z,136060,0.99900000,1.00000000,buy,2022-05-14 11:21:20.405992+00:00
2022-05-14T11:20:59.859026Z,136059,0.99900000,1.00000000,buy,2022-05-14 11:20:59.859026+00:00
2022-05-14T11:20:36.739888Z,136058,0.99900000,1.00000000,buy,2022-05-14 11:20:36.739888+00:00
2022-05-14T11:20:19.747228Z,136057,0.99900000,1.00000000,buy,2022-05-14 11:20:19.747228+00:00
2022-05-14T11:19:49.40193Z,136056,0.99900000,1.00000000,buy,2022-05-14 11:19:49.401930+00:00
2022-05-14T11:19:01.504772Z,136055,0.99900000,1.00000000,buy,2022-05-14 11:19:01.504772+00:00
2022-05-14T11:18:03.305984Z,136054,0.99900000,1.00000000,buy,2022-05-14 11:18:03.305984+00:00
2022-05-14T11:17:31.183047Z,136053,0.99900000,1.00000000,buy,2022-05-14 11:17:31.183047+00:00
2022-05-14T11:17:05.746295Z,136052,0.99900000,1.00000000,buy,2022-05-14 11:17:05.746295+00:00
2022-05-14T11:16:17.128567Z,136051,0.99900000,1.00000000,buy,2022-05-14 11:16:17.128567+00:00
2022-05-14T11:15:57.699815Z,136050,0.99900000,1.00000000,buy,2022-05-14 11:15:57.699815+00:00
2022-05-14T11:15:05.0297Z,136049,0.99900000,1.00000000,buy,2022-05-14 11:15:05.029700+00:00
2022-05-14T11:14:03.942728Z,136048,0.99900000,750.38000000,buy,2022-05-14 11:14:03.942728+00:00
2022-05-14T11:13:31.384872Z,136047,0.99900000,1.00000000,buy,2022-05-14 11:13:31.384872+00:00
2022-05-14T11:12:33.787159Z,136046,0.99900000,1000.50000000,buy,2022-05-14 11:12:33.787159+00:00
2022-05-14T11:11:15.706484Z,136045,1.00000000,385.62000000,sell,2022-05-14 11:11:15.706484+00:00
2022-05-14T11:11:06.364691Z,136044,0.99900000,1.00000000,buy,2022-05-14 11:11:06.364691+00:00
2022-05-14T11:10:35.633528Z,136043,0.99900000,1.00000000,buy,2022-05-14 11:10:35.633528+00:00
2022-05-14T11:10:17.202652Z,136042,1.00000000,385.62000000,sell,2022-05-14 11:10:17.202652+00:00
2022-05-14T11:10:07.820651Z,136041,0.99900000,1.00000000,buy,2022-05-14 11:10:07.820651+00:00
2022-05-14T11:09:45.934543Z,136040,0.99900000,1.00000000,buy,2022-05-14 11:09:45.934543+00:00
2022-05-14T11:09:06.214301Z,136039,0.99900000,1.00000000,buy,2022-05-14 11:09:06.214301+00:00
2022-05-14T11:08:41.846189Z,136038,0.99900000,1.00000000,buy,2022-05-14 11:08:41.846189+00:00
2022-05-14T11:08:20.403634Z,136037,0.99900000,1.00000000,buy,2022-05-14 11:08:20.403634+00:00
2022-05-14T11:08:01.354222Z,136036,0.99900000,1.00000000,buy,2022-05-14 11:08:01.354222+00:00
2022-05-14T11:07:21.562948Z,136035,0.99900000,1.00000000,buy,2022-05-14 11:07:21.562948+00:00
2022-05-14T11:07:01.270576Z,136034,0.99900000,1.00000000,buy,2022-05-14 11:07:01.270576+00:00
2022-05-14T11:06:45.61382Z,136033,0.99900000,1.00000000,buy,2022-05-14 11:06:45.613820+00:00
2022-05-14T11:06:16.912485Z,136032,0.99900000,1.00000000,buy,2022-05-14 11:06:16.912485+00:00
2022-05-14T11:05:57.669729Z,136031,0.99900000,1.00000000,buy,2022-05-14 11:05:57.669729+00:00
2022-05-14T11:05:36.237223Z,136030,0.99900000,1.00000000,buy,2022-05-14 11:05:36.237223+00:00
2022-05-14T11:00:32.510611Z,136029,0.99900000,1.00000000,buy,2022-05-14 11:00:32.510611+00:00
2022-05-14T11:00:12.924646Z,136028,0.99900000,1.00000000,buy,2022-05-14 11:00:12.924646+00:00
2022-05-14T10:59:48.606183Z,136027,0.99900000,1.00000000,buy,2022-05-14 10:59:48.606183+00:00
2022-05-14T10:59:25.434665Z,136026,0.99900000,1.00000000,buy,2022-05-14 10:59:25.434665+00:00
2022-05-14T10:58:56.963862Z,136025,0.99900000,1.00000000,buy,2022-05-14 10:58:56.963862+00:00
2022-05-14T10:58:29.485322Z,136024,0.99900000,1.00000000,buy,2022-05-14 10:58:29.485322+00:00
2022-05-14T10:58:03.962991Z,136023,0.99900000,1.00000000,buy,2022-05-14 10:58:03.962991+00:00
2022-05-14T10:57:24.404563Z,136022,0.99900000,1.00000000,buy,2022-05-14 10:57:24.404563+00:00
2022-05-14T10:57:00.287996Z,136021,0.99900000,1.00000000,buy,2022-05-14 10:57:00.287996+00:00
2022-05-14T10:56:39.416683Z,136020,0.99900000,1.00000000,buy,2022-05-14 10:56:39.416683+00:00
2022-05-14T10:56:20.020508Z,136019,0.99900000,1.00000000,buy,2022-05-14 10:56:20.020508+00:00
2022-05-14T10:55:36.844944Z,136018,0.99900000,1.00000000,buy,2022-05-14 10:55:36.844944+00:00
2022-05-14T10:54:42.903982Z,136017,0.99900000,1.00000000,buy,2022-05-14 10:54:42.903982+00:00
2022-05-14T10:54:14.728759Z,136016,0.99900000,1.00000000,buy,2022-05-14 10:54:14.728759+00:00
2022-05-14T10:53:36.427925Z,136015,0.99900000,1.00000000,buy,2022-05-14 10:53:36.427925+00:00
2022-05-14T10:52:19.746098Z,136014,0.99900000,1.00000000,buy,2022-05-14 10:52:19.746098+00:00
2022-05-14T10:51:41.367683Z,136013,0.99900000,1.00000000,buy,2022-05-14 10:51:41.367683+00:00
2022-05-14T10:51:21.535329Z,136012,0.99900000,1.00000000,buy,2022-05-14 10:51:21.535329+00:00
2022-05-14T10:50:59.449843Z,136011,0.99900000,1.00000000,buy,2022-05-14 10:50:59.449843+00:00
2022-05-14T10:50:34.127532Z,136010,0.99900000,1.00000000,buy,2022-05-14 10:50:34.127532+00:00
2022-05-14T10:50:13.41441Z,136009,0.99900000,1.00000000,buy,2022-05-14 10:50:13.414410+00:00
2022-05-14T10:48:49.598377Z,136008,0.99900000,1.00000000,buy,2022-05-14 10:48:49.598377+00:00
2022-05-14T10:44:37.745037Z,136007,0.99900000,1.00000000,buy,2022-05-14 10:44:37.745037+00:00
2022-05-14T10:43:55.018301Z,136006,0.99900000,1.00000000,buy,2022-05-14 10:43:55.018301+00:00
2022-05-14T10:43:27.443371Z,136005,0.99900000,1.00000000,buy,2022-05-14 10:43:27.443371+00:00
2022-05-14T10:42:53.160449Z,136004,0.99900000,1.00000000,buy,2022-05-14 10:42:53.160449+00:00
2022-05-14T10:42:24.867194Z,136003,0.99900000,1.00000000,buy,2022-05-14 10:42:24.867194+00:00
2022-05-14T10:41:33.525845Z,136002,0.99900000,1.00000000,buy,2022-05-14 10:41:33.525845+00:00
2022-05-14T10:41:22.560937Z,136001,0.99900000,38.99000000,buy,2022-05-14 10:41:22.560937+00:00
2022-05-14T10:41:13.202103Z,136000,0.99900000,548.10000000,buy,2022-05-14 10:41:13.202103+00:00
2022-05-14T10:41:05.252391Z,135999,0.99900000,1.00000000,buy,2022-05-14 10:41:05.252391+00:00
2022-05-14T10:40:38.215273Z,135998,0.99900000,1.00000000,buy,2022-05-14 10:40:38.215273+00:00
2022-05-14T10:40:09.15797Z,135997,0.99900000,1.00000000,buy,2022-05-14 10:40:09.157970+00:00
2022-05-14T10:39:48.74659Z,135996,0.99900000,1.00000000,buy,2022-05-14 10:39:48.746590+00:00
2022-05-14T10:39:13.60656Z,135995,0.99900000,1.00000000,buy,2022-05-14 10:39:13.606560+00:00
2022-05-14T10:38:45.180425Z,135994,0.99900000,1.00000000,buy,2022-05-14 10:38:45.180425+00:00
2022-05-14T10:38:07.82303Z,135993,0.99900000,1.00000000,buy,2022-05-14 10:38:07.823030+00:00
2022-05-14T10:37:33.528996Z,135992,0.99900000,1.00000000,buy,2022-05-14 10:37:33.528996+00:00
2022-05-14T10:37:01.171939Z,135991,0.99900000,1.00000000,buy,2022-05-14 10:37:01.171939+00:00
2022-05-14T10:36:24.982689Z,135990,0.99900000,1.00000000,buy,2022-05-14 10:36:24.982689+00:00
2022-05-14T10:35:51.029094Z,135989,0.99900000,1.00000000,buy,2022-05-14 10:35:51.029094+00:00
2022-05-14T10:35:15.496089Z,135988,0.99900000,1.00000000,buy,2022-05-14 10:35:15.496089+00:00
2022-05-14T10:34:47.154076Z,135987,0.99900000,1.00000000,buy,2022-05-14 10:34:47.154076+00:00
2022-05-14T10:34:24.670309Z,135986,0.99900000,1.00000000,buy,2022-05-14 10:34:24.670309+00:00
2022-05-14T10:30:54.900432Z,135985,1.00000000,106.06000000,sell,2022-05-14 10:30:54.900432+00:00
2022-05-14T10:25:22.582587Z,135984,1.00000000,510.45000000,sell,2022-05-14 10:25:22.582587+00:00
2022-05-14T10:22:54.775961Z,135983,1.00000000,20.37000000,sell,2022-05-14 10:22:54.775961+00:00
2022-05-14T10:22:06.774491Z,135982,1.00000000,30.54000000,sell,2022-05-14 10:22:06.774491+00:00
2022-05-14T10:10:33.10502Z,135981,0.99900000,8.31000000,buy,2022-05-14 10:10:33.105020+00:00
2022-05-14T10:09:41.302172Z,135980,0.99900000,1.93000000,buy,2022-05-14 10:09:41.302172+00:00
2022-05-14T10:04:04.828096Z,135979,0.99900000,100.14000000,buy,2022-05-14 10:04:04.828096+00:00
2022-05-14T10:04:00.678901Z,135978,1.00000000,11.98000000,sell,2022-05-14 10:04:00.678901+00:00
2022-05-14T09:47:23.677582Z,135977,1.00000000,2119.09000000,sell,2022-05-14 09:47:23.677582+00:00
2022-05-14T09:39:12.389406Z,135976,1.00000000,1.93000000,sell,2022-05-14 09:39:12.389406+00:00
2022-05-14T09:23:34.113618Z,135975,0.99900000,32.00000000,buy,2022-05-14 09:23:34.113618+00:00
2022-05-14T09:21:05.886615Z,135974,0.99900000,29.86000000,buy,2022-05-14 09:21:05.886615+00:00
2022-05-14T09:21:02.394681Z,135973,0.99900000,22.20000000,buy,2022-05-14 09:21:02.394681+00:00
2022-05-14T08:59:52.208213Z,135972,0.99900000,3.28000000,buy,2022-05-14 08:59:52.208213+00:00
2022-05-14T08:57:35.865002Z,135971,1.00000000,3.28000000,sell,2022-05-14 08:57:35.865002+00:00
2022-05-14T08:51:08.629569Z,135970,0.99900000,1.01000000,buy,2022-05-14 08:51:08.629569+00:00
2022-05-14T08:44:38.601583Z,135969,0.99900000,9.99000000,buy,2022-05-14 08:44:38.601583+00:00
2022-05-14T08:42:24.653466Z,135968,0.99900000,2.92000000,buy,2022-05-14 08:42:24.653466+00:00
2022-05-14T08:36:39.84992Z,135967,0.99900000,6.85000000,buy,2022-05-14 08:36:39.849920+00:00
2022-05-14T08:07:03.30743Z,135966,0.99900000,8.97000000,buy,2022-05-14 08:07:03.307430+00:00
2022-05-14T08:05:37.881227Z,135965,0.99900000,3.06000000,buy,2022-05-14 08:05:37.881227+00:00
2022-05-14T08:00:53.780995Z,135964,0.99900000,4.34000000,buy,2022-05-14 08:00:53.780995+00:00
2022-05-14T07:46:53.583563Z,135963,1.00000000,24.10000000,sell,2022-05-14 07:46:53.583563+00:00
2022-05-14T07:45:54.132773Z,135962,0.99900000,1.06000000,buy,2022-05-14 07:45:54.132773+00:00
2022-05-14T07:39:38.323265Z,135961,0.99900000,8.97000000,buy,2022-05-14 07:39:38.323265+00:00
2022-05-14T07:39:21.583589Z,135960,0.99900000,1.99000000,buy,2022-05-14 07:39:21.583589+00:00
2022-05-14T07:34:23.387928Z,135959,0.99900000,5.21000000,buy,2022-05-14 07:34:23.387928+00:00
2022-05-14T07:33:27.80996Z,135958,0.99900000,3.13000000,buy,2022-05-14 07:33:27.809960+00:00
2022-05-14T07:31:11.861165Z,135957,0.99900000,5.21000000,buy,2022-05-14 07:31:11.861165+00:00
2022-05-14T07:29:46.457215Z,135956,0.99900000,2.08000000,buy,2022-05-14 07:29:46.457215+00:00
2022-05-14T07:28:46.210239Z,135955,0.99900000,8.29000000,buy,2022-05-14 07:28:46.210239+00:00
2022-05-14T07:10:20.057118Z,135954,0.99900000,4.17000000,buy,2022-05-14 07:10:20.057118+00:00
2022-05-14T06:54:38.937875Z,135953,0.99900000,2.47000000,buy,2022-05-14 06:54:38.937875+00:00
2022-05-14T06:53:30.482141Z,135952,0.99900000,2.47000000,buy,2022-05-14 06:53:30.482141+00:00
2022-05-14T06:52:40.729873Z,135951,0.99900000,300.00000000,buy,2022-05-14 06:52:40.729873+00:00
2022-05-14T06:51:42.038373Z,135950,0.99900000,2.47000000,buy,2022-05-14 06:51:42.038373+00:00
2022-05-14T06:50:15.180136Z,135949,0.99900000,2.47000000,buy,2022-05-14 06:50:15.180136+00:00
2022-05-14T06:49:08.525928Z,135948,1.00000000,17.42000000,sell,2022-05-14 06:49:08.525928+00:00
2022-05-14T05:44:11.596336Z,135947,0.99900000,290.62000000,buy,2022-05-14 05:44:11.596336+00:00
2022-05-14T05:33:06.894912Z,135946,0.99900000,100.00000000,buy,2022-05-14 05:33:06.894912+00:00
2022-05-14T05:32:54.583642Z,135945,0.99900000,3.24000000,buy,2022-05-14 05:32:54.583642+00:00
2022-05-14T05:29:59.798959Z,135944,0.99900000,11.27000000,buy,2022-05-14 05:29:59.798959+00:00
2022-05-14T05:28:01.540318Z,135943,0.99900000,46.55000000,buy,2022-05-14 05:28:01.540318+00:00
2022-05-14T04:59:28.980333Z,135942,0.99900000,51.19000000,buy,2022-05-14 04:59:28.980333+00:00
2022-05-14T04:52:33.673034Z,135941,0.99900000,3.88000000,buy,2022-05-14 04:52:33.673034+00:00
2022-05-14T04:42:07.515115Z,135940,0.99600000,23.02000000,buy,2022-05-14 04:42:07.515115+00:00
2022-05-14T04:42:07.515115Z,135939,0.99600000,2000.00000000,buy,2022-05-14 04:42:07.515115+00:00
2022-05-14T04:42:07.515115Z,135938,0.99700000,4000.00000000,buy,2022-05-14 04:42:07.515115+00:00
2022-05-14T04:42:07.515115Z,135937,0.99800000,6.93000000,buy,2022-05-14 04:42:07.515115+00:00
2022-05-14T04:42:07.515115Z,135936,0.99900000,10.00000000,buy,2022-05-14 04:42:07.515115+00:00
2022-05-14T04:42:07.515115Z,135935,0.99900000,1920.00000000,buy,2022-05-14 04:42:07.515115+00:00
2022-05-14T04:42:07.515115Z,135934,0.99900000,55.69000000,buy,2022-05-14 04:42:07.515115+00:00
2022-05-14T04:42:07.515115Z,135933,0.99900000,984.36000000,buy,2022-05-14 04:42:07.515115+00:00
2022-05-14T04:40:49.88647Z,135932,1.00000000,51.19000000,sell,2022-05-14 04:40:49.886470+00:00
2022-05-14T04:09:02.4858Z,135931,0.99900000,736.89000000,buy,2022-05-14 04:09:02.485800+00:00
2022-05-14T04:06:02.890643Z,135930,0.99900000,193.83000000,buy,2022-05-14 04:06:02.890643+00:00
2022-05-14T03:24:17.586618Z,135929,1.00000000,67.81000000,sell,2022-05-14 03:24:17.586618+00:00
2022-05-14T03:24:17.586618Z,135928,1.00000000,862.92000000,sell,2022-05-14 03:24:17.586618+00:00
2022-05-14T03:21:53.128126Z,135927,0.99900000,200.10000000,buy,2022-05-14 03:21:53.128126+00:00
2022-05-14T03:11:32.137083Z,135926,0.99900000,1001.00000000,buy,2022-05-14 03:11:32.137083+00:00
2022-05-14T03:10:55.687088Z,135925,0.99900000,35.84000000,buy,2022-05-14 03:10:55.687088+00:00
2022-05-14T02:57:43.943265Z,135924,0.99900000,1020.02000000,buy,2022-05-14 02:57:43.943265+00:00
2022-05-14T02:57:41.15749Z,135923,0.99900000,806.06000000,buy,2022-05-14 02:57:41.157490+00:00
2022-05-14T02:47:40.798814Z,135922,1.00000000,4.85000000,sell,2022-05-14 02:47:40.798814+00:00
2022-05-14T02:46:45.725406Z,135921,1.00000000,514.03000000,sell,2022-05-14 02:46:45.725406+00:00
2022-05-14T02:36:41.016715Z,135920,1.00000000,10.25000000,sell,2022-05-14 02:36:41.016715+00:00
2022-05-14T02:30:23.26957Z,135919,1.00000000,18.42000000,sell,2022-05-14 02:30:23.269570+00:00
2022-05-14T02:15:28.951123Z,135918,0.99900000,200.10000000,buy,2022-05-14 02:15:28.951123+00:00
2022-05-14T02:14:21.745503Z,135917,1.00000000,27.45000000,sell,2022-05-14 02:14:21.745503+00:00
2022-05-14T02:13:22.205078Z,135916,1.00000000,134.72000000,sell,2022-05-14 02:13:22.205078+00:00
2022-05-14T02:12:18.059911Z,135915,0.99900000,29.99000000,buy,2022-05-14 02:12:18.059911+00:00
2022-05-14T02:05:47.548867Z,135914,1.00000000,100.00000000,sell,2022-05-14 02:05:47.548867+00:00
2022-05-14T01:59:21.634168Z,135913,1.00000000,24.11000000,sell,2022-05-14 01:59:21.634168+00:00
2022-05-14T01:50:08.262452Z,135912,0.99900000,135.56000000,buy,2022-05-14 01:50:08.262452+00:00
2022-05-14T01:47:08.023009Z,135911,1.00000000,302.85000000,sell,2022-05-14 01:47:08.023009+00:00
2022-05-14T01:47:08.023009Z,135910,1.00000000,55.64000000,sell,2022-05-14 01:47:08.023009+00:00
2022-05-14T01:47:08.023009Z,135909,1.00000000,109.54000000,sell,2022-05-14 01:47:08.023009+00:00
2022-05-14T01:44:25.286201Z,135908,1.00000000,27.87000000,sell,2022-05-14 01:44:25.286201+00:00
2022-05-14T01:13:20.584948Z,135907,0.99900000,4656.25000000,buy,2022-05-14 01:13:20.584948+00:00
2022-05-14T01:13:20.584948Z,135906,0.99900000,0.92000000,buy,2022-05-14 01:13:20.584948+00:00
2022-05-14T01:11:59.124975Z,135905,0.99900000,4990.00000000,buy,2022-05-14 01:11:59.124975+00:00
2022-05-14T01:04:46.980981Z,135904,0.99900000,6.80000000,buy,2022-05-14 01:04:46.980981+00:00
2022-05-14T00:59:24.876803Z,135903,0.99900000,4000.00000000,buy,2022-05-14 00:59:24.876803+00:00
2022-05-14T00:59:07.248435Z,135902,0.99900000,1000.00000000,buy,2022-05-14 00:59:07.248435+00:00
2022-05-14T00:46:48.911826Z,135901,0.99900000,2.28000000,buy,2022-05-14 00:46:48.911826+00:00
2022-05-14T00:43:42.630233Z,135900,0.99900000,10.89000000,sell,2022-05-14 00:43:42.630233+00:00
2022-05-14T00:43:37.139024Z,135899,0.99900000,21.78000000,sell,2022-05-14 00:43:37.139024+00:00
2022-05-14T00:43:37.139024Z,135898,0.99900000,221.99000000,sell,2022-05-14 00:43:37.139024+00:00
2022-05-14T00:43:37.096391Z,135897,0.99900000,9778.01000000,buy,2022-05-14 00:43:37.096391+00:00
2022-05-14T00:42:07.923193Z,135896,0.99900000,211.98000000,buy,2022-05-14 00:42:07.923193+00:00
2022-05-14T00:32:53.745913Z,135895,0.99900000,5.00000000,buy,2022-05-14 00:32:53.745913+00:00
2022-05-14T00:31:02.272917Z,135894,0.99900000,5.01000000,buy,2022-05-14 00:31:02.272917+00:00
2022-05-14T00:28:52.597371Z,135893,0.99500000,270.55000000,buy,2022-05-14 00:28:52.597371+00:00
2022-05-14T00:28:52.597371Z,135892,0.99900000,29.60000000,buy,2022-05-14 00:28:52.597371+00:00
2022-05-14T00:27:08.622198Z,135891,0.99900000,150.08000000,buy,2022-05-14 00:27:08.622198+00:00
2022-05-14T00:14:28.170148Z,135890,1.00000000,15.22000000,sell,2022-05-14 00:14:28.170148+00:00
2022-05-14T00:11:30.060513Z,135889,1.00000000,1.10000000,sell,2022-05-14 00:11:30.060513+00:00
2022-05-14T00:10:40.752679Z,135888,1.00000000,1.24000000,sell,2022-05-14 00:10:40.752679+00:00
2022-05-14T00:10:13.109895Z,135887,1.00000000,1.23000000,sell,2022-05-14 00:10:13.109895+00:00
2022-05-14T00:09:38.752079Z,135886,1.00000000,2.17000000,sell,2022-05-14 00:09:38.752079+00:00
2022-05-14T00:07:33.643558Z,135885,1.00000000,1.38000000,sell,2022-05-14 00:07:33.643558+00:00
2022-05-14T00:07:09.869351Z,135884,0.99900000,116.27000000,buy,2022-05-14 00:07:09.869351+00:00
2022-05-13T23:59:35.571102Z,135883,0.99900000,15.77000000,buy,2022-05-13 23:59:35.571102+00:00
2022-05-13T23:52:02.912471Z,135882,1.00000000,75.51000000,sell,2022-05-13 23:52:02.912471+00:00
2022-05-13T23:51:57.446657Z,135881,1.00000000,1.00000000,sell,2022-05-13 23:51:57.446657+00:00
2022-05-13T23:37:42.943555Z,135880,0.99900000,0.99000000,buy,2022-05-13 23:37:42.943555+00:00
2022-05-13T23:34:18.348343Z,135879,0.99900000,249.97000000,buy,2022-05-13 23:34:18.348343+00:00
2022-05-13T23:30:02.729039Z,135878,1.00000000,1.96000000,sell,2022-05-13 23:30:02.729039+00:00
2022-05-13T23:26:14.629564Z,135877,1.00000000,9.95000000,sell,2022-05-13 23:26:14.629564+00:00
2022-05-13T23:24:01.907668Z,135876,0.99900000,11.66000000,buy,2022-05-13 23:24:01.907668+00:00
2022-05-13T23:18:41.713693Z,135875,0.99900000,0.99000000,buy,2022-05-13 23:18:41.713693+00:00
2022-05-13T23:17:09.234304Z,135874,1.00000000,11.76000000,sell,2022-05-13 23:17:09.234304+00:00
2022-05-13T23:15:31.978305Z,135873,0.99900000,8.88000000,buy,2022-05-13 23:15:31.978305+00:00
2022-05-13T23:09:04.491117Z,135872,1.00000000,1001.00000000,sell,2022-05-13 23:09:04.491117+00:00
2022-05-13T22:52:10.7535Z,135871,0.99900000,4240.85000000,buy,2022-05-13 22:52:10.753500+00:00
2022-05-13T22:37:16.17346Z,135870,1.00000000,6.80000000,sell,2022-05-13 22:37:16.173460+00:00
2022-05-13T22:37:01.675767Z,135869,0.99900000,2.11000000,buy,2022-05-13 22:37:01.675767+00:00
2022-05-13T22:31:30.771419Z,135868,1.00000000,732.27000000,sell,2022-05-13 22:31:30.771419+00:00
2022-05-13T22:31:30.771419Z,135867,1.00000000,56.22000000,sell,2022-05-13 22:31:30.771419+00:00
2022-05-13T22:09:52.371651Z,135866,0.99900000,165.48000000,buy,2022-05-13 22:09:52.371651+00:00
2022-05-13T21:58:21.305589Z,135865,1.00000000,21.40000000,sell,2022-05-13 21:58:21.305589+00:00
2022-05-13T21:52:30.049628Z,135864,0.99900000,9.05000000,buy,2022-05-13 21:52:30.049628+00:00
2022-05-13T21:44:30.737559Z,135863,0.99900000,5.02000000,buy,2022-05-13 21:44:30.737559+00:00
2022-05-13T21:29:32.21439Z,135862,0.99900000,104.54000000,buy,2022-05-13 21:29:32.214390+00:00
2022-05-13T21:25:56.325013Z,135861,0.99900000,15.43000000,buy,2022-05-13 21:25:56.325013+00:00
2022-05-13T21:25:43.375168Z,135860,0.99900000,99.58000000,buy,2022-05-13 21:25:43.375168+00:00
2022-05-13T21:25:07.549648Z,135859,0.99900000,2972.94000000,buy,2022-05-13 21:25:07.549648+00:00
2022-05-13T21:23:57.415362Z,135858,0.99900000,150.06000000,buy,2022-05-13 21:23:57.415362+00:00
2022-05-13T21:23:36.342219Z,135857,0.99900000,662.36000000,buy,2022-05-13 21:23:36.342219+00:00
2022-05-13T21:23:04.597606Z,135856,1.00000000,1.96000000,sell,2022-05-13 21:23:04.597606+00:00
2022-05-13T21:22:52.118994Z,135855,0.99900000,100.05000000,buy,2022-05-13 21:22:52.118994+00:00
2022-05-13T21:19:06.740325Z,135854,1.00000000,17.78000000,sell,2022-05-13 21:19:06.740325+00:00
2022-05-13T21:18:38.057255Z,135853,0.99900000,199.00000000,buy,2022-05-13 21:18:38.057255+00:00
2022-05-13T21:16:00.625027Z,135852,0.99900000,289.56000000,buy,2022-05-13 21:16:00.625027+00:00
2022-05-13T21:12:02.418054Z,135851,0.99900000,1.00000000,buy,2022-05-13 21:12:02.418054+00:00
2022-05-13T21:08:48.096261Z,135850,0.99900000,250.10000000,buy,2022-05-13 21:08:48.096261+00:00
2022-05-13T20:50:58.722576Z,135849,1.00000000,54.14000000,sell,2022-05-13 20:50:58.722576+00:00
2022-05-13T20:47:18.600054Z,135848,0.99900000,2.00000000,buy,2022-05-13 20:47:18.600054+00:00
2022-05-13T20:45:55.022099Z,135847,0.99900000,50.03000000,buy,2022-05-13 20:45:55.022099+00:00
2022-05-13T20:34:31.610345Z,135846,0.99900000,3.77000000,buy,2022-05-13 20:34:31.610345+00:00
2022-05-13T20:33:54.332905Z,135845,0.99900000,5.20000000,buy,2022-05-13 20:33:54.332905+00:00
2022-05-13T20:10:39.799864Z,135844,0.99900000,2.00000000,buy,2022-05-13 20:10:39.799864+00:00
2022-05-13T19:56:56.718864Z,135843,1.00000000,2.79000000,sell,2022-05-13 19:56:56.718864+00:00
2022-05-13T19:47:05.479467Z,135842,1.00000000,2972.94000000,sell,2022-05-13 19:47:05.479467+00:00
2022-05-13T19:35:27.426475Z,135841,0.99900000,75.04000000,buy,2022-05-13 19:35:27.426475+00:00
2022-05-13T19:31:16.50949Z,135840,1.00000000,700.22000000,sell,2022-05-13 19:31:16.509490+00:00
2022-05-13T19:26:27.039222Z,135839,1.00000000,2.04000000,sell,2022-05-13 19:26:27.039222+00:00
2022-05-13T19:17:32.638384Z,135838,0.99900000,1.38000000,buy,2022-05-13 19:17:32.638384+00:00
2022-05-13T19:13:51.537253Z,135837,0.99900000,5.48000000,buy,2022-05-13 19:13:51.537253+00:00
2022-05-13T19:07:54.559535Z,135836,1.00000000,199.00000000,sell,2022-05-13 19:07:54.559535+00:00
2022-05-13T19:05:21.964442Z,135835,1.00000000,3.61000000,sell,2022-05-13 19:05:21.964442+00:00
2022-05-13T19:01:03.754689Z,135834,0.99900000,3.76000000,buy,2022-05-13 19:01:03.754689+00:00
2022-05-13T18:59:38.870842Z,135833,1.00000000,100.43000000,sell,2022-05-13 18:59:38.870842+00:00
2022-05-13T18:57:37.193546Z,135832,0.99500000,1138.25000000,buy,2022-05-13 18:57:37.193546+00:00
2022-05-13T18:57:37.193546Z,135831,0.99700000,1.01000000,buy,2022-05-13 18:57:37.193546+00:00
2022-05-13T18:57:37.193546Z,135830,0.99800000,14.99000000,buy,2022-05-13 18:57:37.193546+00:00
2022-05-13T18:57:37.193546Z,135829,0.99800000,120.00000000,buy,2022-05-13 18:57:37.193546+00:00
2022-05-13T18:57:37.193546Z,135828,0.99900000,1829.69000000,buy,2022-05-13 18:57:37.193546+00:00
2022-05-13T18:54:14.538502Z,135827,0.99900000,898.46000000,buy,2022-05-13 18:54:14.538502+00:00
2022-05-13T18:46:07.799369Z,135826,1.00000000,20.04000000,sell,2022-05-13 18:46:07.799369+00:00
2022-05-13T18:40:09.424288Z,135825,1.00000000,12.00000000,sell,2022-05-13 18:40:09.424288+00:00
2022-05-13T18:35:19.944234Z,135824,1.00000000,2866.41000000,sell,2022-05-13 18:35:19.944234+00:00
2022-05-13T18:13:29.560098Z,135823,0.99900000,1.17000000,buy,2022-05-13 18:13:29.560098+00:00
2022-05-13T18:03:14.896249Z,135822,0.99900000,692.35000000,buy,2022-05-13 18:03:14.896249+00:00
2022-05-13T17:58:21.359506Z,135821,0.99900000,7.73000000,buy,2022-05-13 17:58:21.359506+00:00
2022-05-13T17:53:41.276596Z,135820,0.99900000,21.01000000,buy,2022-05-13 17:53:41.276596+00:00
2022-05-13T17:51:49.993541Z,135819,1.00000000,8.97000000,sell,2022-05-13 17:51:49.993541+00:00
2022-05-13T17:41:12.497953Z,135818,0.99900000,49.26000000,buy,2022-05-13 17:41:12.497953+00:00
2022-05-13T17:40:46.684223Z,135817,0.99900000,9.95000000,buy,2022-05-13 17:40:46.684223+00:00
2022-05-13T17:05:46.349046Z,135816,1.00000000,9.00000000,sell,2022-05-13 17:05:46.349046+00:00
2022-05-13T17:04:28.41792Z,135815,1.00000000,87.47000000,sell,2022-05-13 17:04:28.417920+00:00
2022-05-13T16:50:01.758064Z,135814,0.99900000,1.86000000,buy,2022-05-13 16:50:01.758064+00:00
2022-05-13T16:46:37.851824Z,135813,1.00000000,24.93000000,sell,2022-05-13 16:46:37.851824+00:00
2022-05-13T16:40:11.389359Z,135812,1.00000000,49.87000000,sell,2022-05-13 16:40:11.389359+00:00
2022-05-13T16:39:19.444563Z,135811,0.99900000,14.92000000,buy,2022-05-13 16:39:19.444563+00:00
2022-05-13T16:32:44.683991Z,135810,0.99900000,49.75000000,buy,2022-05-13 16:32:44.683991+00:00
2022-05-13T16:30:21.102836Z,135809,1.00000000,596.05000000,sell,2022-05-13 16:30:21.102836+00:00
2022-05-13T16:27:26.824787Z,135808,1.00000000,2.17000000,sell,2022-05-13 16:27:26.824787+00:00
2022-05-13T16:21:26.381458Z,135807,1.00000000,3.00000000,sell,2022-05-13 16:21:26.381458+00:00
2022-05-13T16:14:45.767981Z,135806,0.99900000,1.08000000,buy,2022-05-13 16:14:45.767981+00:00
2022-05-13T16:11:51.45358Z,135805,0.99900000,18.87000000,buy,2022-05-13 16:11:51.453580+00:00
2022-05-13T15:55:31.430452Z,135804,1.00000000,2.40000000,sell,2022-05-13 15:55:31.430452+00:00
2022-05-13T15:46:37.506845Z,135803,0.99900000,4.00000000,buy,2022-05-13 15:46:37.506845+00:00
2022-05-13T15:45:46.096796Z,135802,0.99900000,29.01000000,buy,2022-05-13 15:45:46.096796+00:00
2022-05-13T15:43:44.192971Z,135801,1.00000000,2.96000000,sell,2022-05-13 15:43:44.192971+00:00
2022-05-13T15:42:30.834713Z,135800,1.00000000,38.91000000,sell,2022-05-13 15:42:30.834713+00:00
2022-05-13T15:40:22.980374Z,135799,0.99900000,20.01000000,buy,2022-05-13 15:40:22.980374+00:00
2022-05-13T15:33:34.901504Z,135798,0.99900000,2.60000000,buy,2022-05-13 15:33:34.901504+00:00
2022-05-13T15:33:16.946809Z,135797,1.00000000,47.77000000,sell,2022-05-13 15:33:16.946809+00:00
2022-05-13T15:32:27.997386Z,135796,0.99900000,19.90000000,buy,2022-05-13 15:32:27.997386+00:00
2022-05-13T15:30:37.202052Z,135795,0.99900000,3100.00000000,buy,2022-05-13 15:30:37.202052+00:00
2022-05-13T15:29:32.903088Z,135794,0.99900000,47.30000000,buy,2022-05-13 15:29:32.903088+00:00
2022-05-13T15:19:58.772875Z,135793,1.00000000,98.00000000,sell,2022-05-13 15:19:58.772875+00:00
2022-05-13T15:11:43.566669Z,135792,0.99900000,46.72000000,buy,2022-05-13 15:11:43.566669+00:00
2022-05-13T15:11:14.200477Z,135791,0.99900000,98.94000000,buy,2022-05-13 15:11:14.200477+00:00
2022-05-13T15:11:06.022149Z,135790,0.99900000,10.01000000,buy,2022-05-13 15:11:06.022149+00:00
2022-05-13T15:05:07.118857Z,135789,1.00000000,12.21000000,sell,2022-05-13 15:05:07.118857+00:00
2022-05-13T14:58:46.82043Z,135788,0.99900000,1.00000000,buy,2022-05-13 14:58:46.820430+00:00
2022-05-13T14:57:07.327989Z,135787,0.99900000,1.00000000,buy,2022-05-13 14:57:07.327989+00:00
2022-05-13T14:55:53.60198Z,135786,0.99900000,1.00000000,buy,2022-05-13 14:55:53.601980+00:00
2022-05-13T14:55:38.114915Z,135785,1.00000000,4.80000000,sell,2022-05-13 14:55:38.114915+00:00
2022-05-13T14:54:34.649108Z,135784,0.99900000,1.00000000,buy,2022-05-13 14:54:34.649108+00:00
2022-05-13T14:54:11.075813Z,135783,0.99900000,1.70000000,buy,2022-05-13 14:54:11.075813+00:00
2022-05-13T14:53:18.461004Z,135782,1.00000000,20.51000000,sell,2022-05-13 14:53:18.461004+00:00
2022-05-13T14:50:05.677523Z,135781,1.00000000,22.42000000,sell,2022-05-13 14:50:05.677523+00:00
2022-05-13T14:48:03.505076Z,135780,1.00000000,23.39000000,sell,2022-05-13 14:48:03.505076+00:00
2022-05-13T14:47:27.588421Z,135779,1.00000000,3.92000000,sell,2022-05-13 14:47:27.588421+00:00
2022-05-13T14:39:09.78703Z,135778,1.00000000,9.95000000,sell,2022-05-13 14:39:09.787030+00:00
2022-05-13T14:38:49.338747Z,135777,1.00000000,9.95000000,sell,2022-05-13 14:38:49.338747+00:00
2022-05-13T14:31:09.605372Z,135776,0.99900000,95.57000000,buy,2022-05-13 14:31:09.605372+00:00
2022-05-13T14:27:01.841926Z,135775,0.99900000,6.00000000,buy,2022-05-13 14:27:01.841926+00:00
2022-05-13T14:25:46.937614Z,135774,0.99900000,9.95000000,buy,2022-05-13 14:25:46.937614+00:00
2022-05-13T14:20:26.995185Z,135773,1.00000000,2.62000000,sell,2022-05-13 14:20:26.995185+00:00
2022-05-13T14:19:41.999305Z,135772,1.00000000,8.61000000,sell,2022-05-13 14:19:41.999305+00:00
2022-05-13T14:19:13.79308Z,135771,1.00000000,13.88000000,sell,2022-05-13 14:19:13.793080+00:00
2022-05-13T14:18:55.681414Z,135770,0.99900000,3.10000000,buy,2022-05-13 14:18:55.681414+00:00
2022-05-13T14:18:42.009518Z,135769,1.00000000,7.59000000,sell,2022-05-13 14:18:42.009518+00:00
2022-05-13T14:17:53.70635Z,135768,1.00000000,8.91000000,sell,2022-05-13 14:17:53.706350+00:00
2022-05-13T14:15:54.59989Z,135767,1.00000000,3.05000000,sell,2022-05-13 14:15:54.599890+00:00
2022-05-13T14:11:34.545193Z,135766,1.00000000,46.56000000,sell,2022-05-13 14:11:34.545193+00:00
2022-05-13T14:10:50.880686Z,135765,1.00000000,21.61000000,sell,2022-05-13 14:10:50.880686+00:00
2022-05-13T14:07:52.439868Z,135764,0.99900000,1.02000000,buy,2022-05-13 14:07:52.439868+00:00
2022-05-13T14:06:04.316893Z,135763,1.00000000,8.97000000,sell,2022-05-13 14:06:04.316893+00:00
2022-05-13T14:05:31.80038Z,135762,1.00000000,18.42000000,sell,2022-05-13 14:05:31.800380+00:00
2022-05-13T13:55:58.047716Z,135761,0.99900000,80.45000000,buy,2022-05-13 13:55:58.047716+00:00
2022-05-13T13:51:31.343582Z,135760,0.99900000,1000.50000000,buy,2022-05-13 13:51:31.343582+00:00
2022-05-13T13:47:16.835811Z,135759,1.00000000,1.95000000,sell,2022-05-13 13:47:16.835811+00:00
2022-05-13T13:46:49.340023Z,135758,1.00000000,3.19000000,sell,2022-05-13 13:46:49.340023+00:00
2022-05-13T13:41:41.741887Z,135757,0.99900000,9.85000000,buy,2022-05-13 13:41:41.741887+00:00
2022-05-13T13:36:31.950235Z,135756,0.99900000,12.01000000,buy,2022-05-13 13:36:31.950235+00:00
2022-05-13T13:36:20.74005Z,135755,1.00000000,14.63000000,sell,2022-05-13 13:36:20.740050+00:00
2022-05-13T13:34:08.537815Z,135754,0.99900000,1.22000000,buy,2022-05-13 13:34:08.537815+00:00
2022-05-13T13:33:09.441719Z,135753,0.99900000,1.02000000,buy,2022-05-13 13:33:09.441719+00:00
2022-05-13T13:32:00.042306Z,135752,1.00000000,14.73000000,sell,2022-05-13 13:32:00.042306+00:00
2022-05-13T13:31:21.773202Z,135751,1.00000000,14.75000000,sell,2022-05-13 13:31:21.773202+00:00
2022-05-13T13:30:54.733262Z,135750,0.99900000,1.01000000,buy,2022-05-13 13:30:54.733262+00:00
2022-05-13T13:30:45.350778Z,135749,1.00000000,14.74000000,sell,2022-05-13 13:30:45.350778+00:00
2022-05-13T13:28:58.074301Z,135748,1.00000000,1.00000000,sell,2022-05-13 13:28:58.074301+00:00
2022-05-13T13:15:48.301749Z,135747,0.99900000,1798.01000000,buy,2022-05-13 13:15:48.301749+00:00
2022-05-13T13:15:48.301749Z,135746,0.99900000,0.99000000,buy,2022-05-13 13:15:48.301749+00:00
2022-05-13T13:14:10.187285Z,135745,0.99900000,7401.00000000,buy,2022-05-13 13:14:10.187285+00:00
2022-05-13T13:11:03.425254Z,135744,1.00000000,402.08000000,sell,2022-05-13 13:11:03.425254+00:00
2022-05-13T13:11:03.425254Z,135743,1.00000000,142.40000000,sell,2022-05-13 13:11:03.425254+00:00
2022-05-13T13:08:54.838887Z,135742,0.99900000,7.00000000,buy,2022-05-13 13:08:54.838887+00:00
2022-05-13T13:08:13.162328Z,135741,1.00000000,9.95000000,sell,2022-05-13 13:08:13.162328+00:00
2022-05-13T13:07:43.68031Z,135740,0.99900000,5.00000000,buy,2022-05-13 13:07:43.680310+00:00
2022-05-13T13:05:22.48134Z,135739,0.99900000,3.00000000,buy,2022-05-13 13:05:22.481340+00:00
2022-05-13T13:02:37.114589Z,135738,0.99900000,3.00000000,buy,2022-05-13 13:02:37.114589+00:00
2022-05-13T13:00:34.886641Z,135737,0.99900000,1.22000000,buy,2022-05-13 13:00:34.886641+00:00
2022-05-13T12:45:12.481649Z,135736,0.99900000,1.23000000,buy,2022-05-13 12:45:12.481649+00:00
2022-05-13T12:44:00.076661Z,135735,1.00000000,96.35000000,sell,2022-05-13 12:44:00.076661+00:00
2022-05-13T12:42:13.949369Z,135734,0.99900000,2.00000000,buy,2022-05-13 12:42:13.949369+00:00
2022-05-13T12:34:34.93902Z,135733,0.99900000,1.02000000,buy,2022-05-13 12:34:34.939020+00:00
2022-05-13T12:26:03.320729Z,135732,0.99900000,5.00000000,buy,2022-05-13 12:26:03.320729+00:00
2022-05-13T12:24:24.67588Z,135731,0.99900000,1223.57000000,buy,2022-05-13 12:24:24.675880+00:00
2022-05-13T12:11:11.623255Z,135730,1.00000000,1.96000000,sell,2022-05-13 12:11:11.623255+00:00
2022-05-13T12:09:26.957354Z,135729,0.99900000,2.47000000,buy,2022-05-13 12:09:26.957354+00:00
2022-05-13T12:07:49.574617Z,135728,0.99900000,1000.50000000,buy,2022-05-13 12:07:49.574617+00:00
2022-05-13T12:07:04.548911Z,135727,1.00000000,2.94000000,sell,2022-05-13 12:07:04.548911+00:00
2022-05-13T12:03:58.139335Z,135726,0.99900000,1.00000000,buy,2022-05-13 12:03:58.139335+00:00
2022-05-13T12:03:53.802733Z,135725,0.99900000,2.47000000,buy,2022-05-13 12:03:53.802733+00:00
2022-05-13T12:02:02.035498Z,135724,0.99900000,1.00000000,buy,2022-05-13 12:02:02.035498+00:00
2022-05-13T12:00:43.338774Z,135723,1.00000000,0.99000000,sell,2022-05-13 12:00:43.338774+00:00
2022-05-13T12:00:33.45518Z,135722,0.99900000,1.22000000,buy,2022-05-13 12:00:33.455180+00:00
2022-05-13T11:58:52.58626Z,135721,0.99900000,2.47000000,buy,2022-05-13 11:58:52.586260+00:00
2022-05-13T11:56:53.075211Z,135720,0.99900000,2.47000000,buy,2022-05-13 11:56:53.075211+00:00
2022-05-13T11:56:47.881441Z,135719,0.99900000,4.75000000,buy,2022-05-13 11:56:47.881441+00:00
2022-05-13T11:53:39.974242Z,135718,0.99900000,2.47000000,buy,2022-05-13 11:53:39.974242+00:00
2022-05-13T11:52:16.907211Z,135717,0.99900000,2.47000000,buy,2022-05-13 11:52:16.907211+00:00
2022-05-13T11:51:11.23192Z,135716,0.99900000,2.47000000,buy,2022-05-13 11:51:11.231920+00:00
2022-05-13T11:50:06.841649Z,135715,0.99900000,2.47000000,buy,2022-05-13 11:50:06.841649+00:00
2022-05-13T11:49:06.207491Z,135714,0.99900000,2.47000000,buy,2022-05-13 11:49:06.207491+00:00
2022-05-13T11:48:17.521674Z,135713,0.99900000,2.47000000,buy,2022-05-13 11:48:17.521674+00:00
2022-05-13T11:46:08.877187Z,135712,0.99900000,11.01000000,buy,2022-05-13 11:46:08.877187+00:00
2022-05-13T11:44:59.103423Z,135711,0.99900000,2.47000000,buy,2022-05-13 11:44:59.103423+00:00
2022-05-13T11:44:16.883412Z,135710,0.99900000,20.12000000,buy,2022-05-13 11:44:16.883412+00:00
2022-05-13T11:43:56.201816Z,135709,1.00000000,4.75000000,sell,2022-05-13 11:43:56.201816+00:00
2022-05-13T11:42:32.322269Z,135708,1.00000000,19.17000000,sell,2022-05-13 11:42:32.322269+00:00
2022-05-13T11:40:17.972869Z,135707,0.99900000,2.47000000,buy,2022-05-13 11:40:17.972869+00:00
2022-05-13T11:39:11.367478Z,135706,0.99900000,2.47000000,buy,2022-05-13 11:39:11.367478+00:00
2022-05-13T11:38:12.503723Z,135705,0.99900000,2.47000000,buy,2022-05-13 11:38:12.503723+00:00
2022-05-13T11:35:54.37604Z,135704,0.99900000,2.47000000,buy,2022-05-13 11:35:54.376040+00:00
2022-05-13T11:34:48.218181Z,135703,0.99900000,2.47000000,buy,2022-05-13 11:34:48.218181+00:00
2022-05-13T11:34:01.861086Z,135702,1.00000000,8.97000000,sell,2022-05-13 11:34:01.861086+00:00
2022-05-13T11:32:06.016776Z,135701,0.99900000,2.47000000,buy,2022-05-13 11:32:06.016776+00:00
2022-05-13T11:31:53.473357Z,135700,1.00000000,5.98000000,sell,2022-05-13 11:31:53.473357+00:00
2022-05-13T11:30:59.073583Z,135699,0.99900000,2.47000000,buy,2022-05-13 11:30:59.073583+00:00
2022-05-13T11:29:53.053246Z,135698,1.00000000,17.42000000,sell,2022-05-13 11:29:53.053246+00:00
2022-05-13T11:22:35.885761Z,135697,0.99900000,5.82000000,buy,2022-05-13 11:22:35.885761+00:00
2022-05-13T11:21:49.46292Z,135696,0.99900000,8.74000000,buy,2022-05-13 11:21:49.462920+00:00
2022-05-13T11:08:08.600453Z,135695,0.99900000,100.05000000,buy,2022-05-13 11:08:08.600453+00:00
2022-05-13T11:01:06.090226Z,135694,0.99900000,33.29000000,buy,2022-05-13 11:01:06.090226+00:00
2022-05-13T10:23:04.001179Z,135693,1.00000000,1.73000000,sell,2022-05-13 10:23:04.001179+00:00
2022-05-13T10:19:34.580628Z,135692,1.00000000,2.37000000,sell,2022-05-13 10:19:34.580628+00:00
2022-05-13T10:12:20.441081Z,135691,0.99900000,68.55000000,buy,2022-05-13 10:12:20.441081+00:00
2022-05-13T10:07:00.593323Z,135690,1.00000000,1.82000000,sell,2022-05-13 10:07:00.593323+00:00
2022-05-13T10:01:35.176448Z,135689,1.00000000,1.39000000,sell,2022-05-13 10:01:35.176448+00:00
2022-05-13T09:59:55.329561Z,135688,1.00000000,3.83000000,sell,2022-05-13 09:59:55.329561+00:00
2022-05-13T09:56:45.668275Z,135687,1.00000000,1.80000000,sell,2022-05-13 09:56:45.668275+00:00
2022-05-13T09:52:20.26795Z,135686,1.00000000,5.15000000,sell,2022-05-13 09:52:20.267950+00:00
2022-05-13T09:51:29.057043Z,135685,1.00000000,2.15000000,sell,2022-05-13 09:51:29.057043+00:00
2022-05-13T09:47:20.084506Z,135684,0.99900000,5.18000000,buy,2022-05-13 09:47:20.084506+00:00
2022-05-13T09:44:29.712202Z,135683,0.99900000,10.00000000,buy,2022-05-13 09:44:29.712202+00:00
2022-05-13T09:25:07.322164Z,135682,0.99900000,15.14000000,buy,2022-05-13 09:25:07.322164+00:00
2022-05-13T09:23:24.345121Z,135681,1.00000000,15.14000000,sell,2022-05-13 09:23:24.345121+00:00
2022-05-13T09:22:39.328543Z,135680,0.99900000,15.14000000,buy,2022-05-13 09:22:39.328543+00:00
2022-05-13T09:21:02.873651Z,135679,0.99800000,140.40000000,buy,2022-05-13 09:21:02.873651+00:00
2022-05-13T09:16:03.090127Z,135678,1.00000000,8.97000000,sell,2022-05-13 09:16:03.090127+00:00
2022-05-13T09:06:07.710674Z,135677,0.99800000,430.34000000,buy,2022-05-13 09:06:07.710674+00:00
2022-05-13T09:05:09.751403Z,135676,1.00000000,25.60000000,sell,2022-05-13 09:05:09.751403+00:00
2022-05-13T09:01:58.749549Z,135675,0.99800000,2.05000000,buy,2022-05-13 09:01:58.749549+00:00
2022-05-13T08:59:49.679028Z,135674,1.00000000,2.05000000,sell,2022-05-13 08:59:49.679028+00:00
2022-05-13T08:45:38.711546Z,135673,1.00000000,1.10000000,sell,2022-05-13 08:45:38.711546+00:00
2022-05-13T08:34:05.016744Z,135672,1.00000000,5.99000000,sell,2022-05-13 08:34:05.016744+00:00
2022-05-13T08:31:04.516127Z,135671,0.99900000,6.11000000,buy,2022-05-13 08:31:04.516127+00:00
2022-05-13T08:16:38.35788Z,135670,1.00000000,249.97000000,sell,2022-05-13 08:16:38.357880+00:00
2022-05-13T08:15:38.9266Z,135669,1.00000000,3.92000000,sell,2022-05-13 08:15:38.926600+00:00
2022-05-13T08:15:09.220511Z,135668,0.99900000,19.17000000,buy,2022-05-13 08:15:09.220511+00:00
2022-05-13T08:12:34.026558Z,135667,0.99900000,1.00000000,buy,2022-05-13 08:12:34.026558+00:00
2022-05-13T08:12:16.438974Z,135666,1.00000000,80.45000000,sell,2022-05-13 08:12:16.438974+00:00
2022-05-13T08:12:11.495665Z,135665,1.00000000,19.17000000,sell,2022-05-13 08:12:11.495665+00:00
2022-05-13T08:08:13.234527Z,135664,0.99900000,1.21000000,buy,2022-05-13 08:08:13.234527+00:00
2022-05-13T08:02:01.927328Z,135663,0.99900000,500.25000000,buy,2022-05-13 08:02:01.927328+00:00
2022-05-13T07:55:52.964359Z,135662,1.00000000,8.12000000,sell,2022-05-13 07:55:52.964359+00:00
2022-05-13T07:54:51.557709Z,135661,1.00000000,248.40000000,sell,2022-05-13 07:54:51.557709+00:00
2022-05-13T07:54:51.557709Z,135660,1.00000000,745.38000000,sell,2022-05-13 07:54:51.557709+00:00
2022-05-13T07:53:06.317471Z,135659,1.00000000,4.41000000,sell,2022-05-13 07:53:06.317471+00:00
2022-05-13T07:51:35.722847Z,135658,1.00000000,7.83000000,sell,2022-05-13 07:51:35.722847+00:00
2022-05-13T07:43:40.10396Z,135657,1.00000000,2.19000000,sell,2022-05-13 07:43:40.103960+00:00
2022-05-13T07:40:57.946248Z,135656,1.00000000,9.95000000,sell,2022-05-13 07:40:57.946248+00:00
2022-05-13T07:33:55.381542Z,135655,1.00000000,38.72000000,sell,2022-05-13 07:33:55.381542+00:00
2022-05-13T07:27:24.048346Z,135654,1.00000000,430.34000000,sell,2022-05-13 07:27:24.048346+00:00
2022-05-13T07:13:45.404201Z,135653,0.99500000,292.72000000,buy,2022-05-13 07:13:45.404201+00:00
2022-05-13T07:13:45.404201Z,135652,0.99500000,499.05000000,buy,2022-05-13 07:13:45.404201+00:00
2022-05-13T07:13:45.404201Z,135651,0.99600000,100.00000000,buy,2022-05-13 07:13:45.404201+00:00
2022-05-13T07:13:45.404201Z,135650,0.99700000,1641.00000000,buy,2022-05-13 07:13:45.404201+00:00
2022-05-13T07:13:45.404201Z,135649,0.99700000,8653.30000000,buy,2022-05-13 07:13:45.404201+00:00
2022-05-13T07:13:45.404201Z,135648,0.99800000,10000.00000000,buy,2022-05-13 07:13:45.404201+00:00
2022-05-13T07:13:45.404201Z,135647,0.99800000,500.00000000,buy,2022-05-13 07:13:45.404201+00:00
2022-05-13T07:13:45.404201Z,135646,0.99800000,1603.54000000,buy,2022-05-13 07:13:45.404201+00:00
2022-05-13T07:13:45.404201Z,135645,0.99900000,9899.90000000,buy,2022-05-13 07:13:45.404201+00:00
2022-05-13T07:04:41.945431Z,135644,0.99900000,100.10000000,buy,2022-05-13 07:04:41.945431+00:00
2022-05-13T07:02:12.663353Z,135643,0.99800000,396.06000000,buy,2022-05-13 07:02:12.663353+00:00
2022-05-13T07:02:12.663353Z,135642,0.99900000,55.64000000,buy,2022-05-13 07:02:12.663353+00:00
2022-05-13T07:02:12.663353Z,135641,0.99900000,1589.79000000,buy,2022-05-13 07:02:12.663353+00:00
2022-05-13T07:01:46.594112Z,135640,0.99900000,4.76000000,buy,2022-05-13 07:01:46.594112+00:00
2022-05-13T07:01:09.295798Z,135639,1.00000000,1.20000000,sell,2022-05-13 07:01:09.295798+00:00
2022-05-13T06:59:09.476777Z,135638,0.99900000,9.68000000,buy,2022-05-13 06:59:09.476777+00:00
2022-05-13T06:58:16.778944Z,135637,1.00000000,1.17000000,sell,2022-05-13 06:58:16.778944+00:00
2022-05-13T06:55:01.496329Z,135636,1.00000000,9.68000000,sell,2022-05-13 06:55:01.496329+00:00
2022-05-13T06:50:16.757486Z,135635,0.99900000,611.10000000,buy,2022-05-13 06:50:16.757486+00:00
2022-05-13T06:50:05.912749Z,135634,0.99900000,244.44000000,buy,2022-05-13 06:50:05.912749+00:00
2022-05-13T06:48:55.394317Z,135633,0.99900000,468.26000000,buy,2022-05-13 06:48:55.394317+00:00
2022-05-13T06:48:44.573947Z,135632,0.99900000,1222.22000000,buy,2022-05-13 06:48:44.573947+00:00
2022-05-13T06:47:48.890834Z,135631,0.99900000,611.13000000,buy,2022-05-13 06:47:48.890834+00:00
2022-05-13T06:47:05.24085Z,135630,1.00000000,6.16000000,sell,2022-05-13 06:47:05.240850+00:00
2022-05-13T06:46:07.002799Z,135629,1.00000000,9.20000000,sell,2022-05-13 06:46:07.002799+00:00
2022-05-13T06:45:31.62667Z,135628,1.00000000,4.39000000,sell,2022-05-13 06:45:31.626670+00:00
2022-05-13T06:44:50.14321Z,135627,1.00000000,7.87000000,sell,2022-05-13 06:44:50.143210+00:00
2022-05-13T06:44:04.756375Z,135626,1.00000000,12.03000000,sell,2022-05-13 06:44:04.756375+00:00
2022-05-13T06:43:25.898484Z,135625,1.00000000,37.39000000,sell,2022-05-13 06:43:25.898484+00:00
2022-05-13T06:42:45.456883Z,135624,1.00000000,41.20000000,sell,2022-05-13 06:42:45.456883+00:00
2022-05-13T06:41:49.954081Z,135623,1.00000000,2.39000000,sell,2022-05-13 06:41:49.954081+00:00
2022-05-13T06:26:48.021339Z,135622,0.99900000,18.15000000,buy,2022-05-13 06:26:48.021339+00:00
2022-05-13T06:24:21.498776Z,135621,0.99900000,10.01000000,buy,2022-05-13 06:24:21.498776+00:00
2022-05-13T06:15:11.020378Z,135620,1.00000000,28.16000000,sell,2022-05-13 06:15:11.020378+00:00
2022-05-13T05:58:08.043439Z,135619,1.00000000,4.15000000,sell,2022-05-13 05:58:08.043439+00:00
2022-05-13T05:56:53.935823Z,135618,1.00000000,596.19000000,sell,2022-05-13 05:56:53.935823+00:00
2022-05-13T05:56:53.935823Z,135617,1.00000000,55.58000000,sell,2022-05-13 05:56:53.935823+00:00
2022-05-13T05:56:53.935823Z,135616,1.00000000,500.95000000,sell,2022-05-13 05:56:53.935823+00:00
2022-05-13T05:56:28.772082Z,135615,1.00000000,9.35000000,sell,2022-05-13 05:56:28.772082+00:00
2022-05-13T05:54:27.486486Z,135614,0.99900000,5001.00000000,buy,2022-05-13 05:54:27.486486+00:00
2022-05-13T05:53:18.336832Z,135613,0.99900000,6.11000000,buy,2022-05-13 05:53:18.336832+00:00
2022-05-13T05:51:34.053768Z,135612,0.99900000,109.08000000,buy,2022-05-13 05:51:34.053768+00:00
2022-05-13T05:44:37.339634Z,135611,0.99900000,6.11000000,buy,2022-05-13 05:44:37.339634+00:00
2022-05-13T05:42:57.855018Z,135610,1.00000000,50.97000000,sell,2022-05-13 05:42:57.855018+00:00
2022-05-13T05:38:04.330357Z,135609,0.99900000,88.16000000,buy,2022-05-13 05:38:04.330357+00:00
2022-05-13T05:38:04.330357Z,135608,0.99900000,223.91000000,buy,2022-05-13 05:38:04.330357+00:00
2022-05-13T05:30:15.558374Z,135607,0.99900000,4.85000000,buy,2022-05-13 05:30:15.558374+00:00
2022-05-13T05:27:25.59965Z,135606,1.00000000,28.60000000,sell,2022-05-13 05:27:25.599650+00:00
2022-05-13T05:21:27.154502Z,135605,1.00000000,29.46000000,sell,2022-05-13 05:21:27.154502+00:00
2022-05-13T05:17:44.332787Z,135604,0.99900000,12.34000000,buy,2022-05-13 05:17:44.332787+00:00
2022-05-13T05:11:49.268743Z,135603,0.99900000,27.16000000,buy,2022-05-13 05:11:49.268743+00:00
2022-05-13T05:01:28.171245Z,135602,1.00000000,60.78000000,sell,2022-05-13 05:01:28.171245+00:00
2022-05-13T04:45:25.010009Z,135601,0.99900000,77.25000000,buy,2022-05-13 04:45:25.010009+00:00
2022-05-13T04:37:20.797289Z,135600,0.99900000,154.49000000,buy,2022-05-13 04:37:20.797289+00:00
2022-05-13T04:17:16.818732Z,135599,1.00000000,68.55000000,sell,2022-05-13 04:17:16.818732+00:00
2022-05-13T04:14:14.775466Z,135598,1.00000000,5.99000000,sell,2022-05-13 04:14:14.775466+00:00
2022-05-13T04:02:03.602579Z,135597,1.00000000,100.28000000,sell,2022-05-13 04:02:03.602579+00:00
2022-05-13T03:57:46.952082Z,135596,0.99900000,161.14000000,buy,2022-05-13 03:57:46.952082+00:00
2022-05-13T03:46:06.990838Z,135595,1.00000000,5.06000000,sell,2022-05-13 03:46:06.990838+00:00
2022-05-13T03:27:33.842829Z,135594,0.99900000,10.14000000,buy,2022-05-13 03:27:33.842829+00:00
2022-05-13T03:23:43.572542Z,135593,0.99900000,59.33000000,buy,2022-05-13 03:23:43.572542+00:00
2022-05-13T03:20:11.276154Z,135592,0.99900000,93.69000000,buy,2022-05-13 03:20:11.276154+00:00
2022-05-13T03:13:37.088889Z,135591,1.00000000,20.00000000,sell,2022-05-13 03:13:37.088889+00:00
2022-05-13T03:12:35.902452Z,135590,1.00000000,20.00000000,sell,2022-05-13 03:12:35.902452+00:00
2022-05-13T02:48:46.692975Z,135589,0.99900000,384.20000000,buy,2022-05-13 02:48:46.692975+00:00
2022-05-13T02:47:01.128808Z,135588,1.00000000,468.26000000,sell,2022-05-13 02:47:01.128808+00:00
2022-05-13T02:42:50.742278Z,135587,0.99900000,9.31000000,buy,2022-05-13 02:42:50.742278+00:00
2022-05-13T02:34:28.105836Z,135586,0.99900000,3.29000000,buy,2022-05-13 02:34:28.105836+00:00
2022-05-13T02:22:42.789961Z,135585,0.99900000,597.48000000,buy,2022-05-13 02:22:42.789961+00:00
2022-05-13T02:12:29.432486Z,135584,1.00000000,2.94000000,sell,2022-05-13 02:12:29.432486+00:00
2022-05-13T02:11:26.546066Z,135583,0.99900000,1.09000000,buy,2022-05-13 02:11:26.546066+00:00
2022-05-13T02:06:36.542958Z,135582,1.00000000,1.96000000,sell,2022-05-13 02:06:36.542958+00:00
2022-05-13T01:33:10.541352Z,135581,0.99900000,3.99000000,buy,2022-05-13 01:33:10.541352+00:00
2022-05-13T01:30:16.837108Z,135580,1.00000000,1.70000000,sell,2022-05-13 01:30:16.837108+00:00
2022-05-13T01:25:37.217863Z,135579,0.99900000,100.00000000,buy,2022-05-13 01:25:37.217863+00:00
2022-05-13T01:12:59.769238Z,135578,0.99900000,20.49000000,buy,2022-05-13 01:12:59.769238+00:00
2022-05-13T01:09:48.401611Z,135577,0.99900000,5.00000000,buy,2022-05-13 01:09:48.401611+00:00
2022-05-13T01:03:43.969987Z,135576,0.99900000,6.71000000,buy,2022-05-13 01:03:43.969987+00:00
2022-05-13T01:02:50.656826Z,135575,0.99900000,1.47000000,buy,2022-05-13 01:02:50.656826+00:00
2022-05-13T01:01:42.305763Z,135574,1.00000000,4.98000000,sell,2022-05-13 01:01:42.305763+00:00
2022-05-13T00:55:21.102653Z,135573,1.00000000,1.00000000,sell,2022-05-13 00:55:21.102653+00:00
2022-05-13T00:54:34.391064Z,135572,0.99900000,3.50000000,buy,2022-05-13 00:54:34.391064+00:00
2022-05-13T00:50:19.14571Z,135571,0.99900000,5.66000000,buy,2022-05-13 00:50:19.145710+00:00
2022-05-13T00:48:06.789121Z,135570,1.00000000,5.18000000,sell,2022-05-13 00:48:06.789121+00:00
2022-05-13T00:46:50.244529Z,135569,1.00000000,4.98000000,sell,2022-05-13 00:46:50.244529+00:00
2022-05-13T00:40:30.570331Z,135568,0.99900000,54.03000000,buy,2022-05-13 00:40:30.570331+00:00
2022-05-13T00:31:08.417124Z,135567,1.00000000,14.00000000,sell,2022-05-13 00:31:08.417124+00:00
2022-05-13T00:20:01.088078Z,135566,1.00000000,1492.54000000,sell,2022-05-13 00:20:01.088078+00:00
2022-05-13T00:17:44.206518Z,135565,0.99900000,1500.75000000,buy,2022-05-13 00:17:44.206518+00:00
2022-05-13T00:13:12.125922Z,135564,0.99900000,11.52000000,buy,2022-05-13 00:13:12.125922+00:00
2022-05-13T00:09:59.907324Z,135563,0.99900000,986.84000000,buy,2022-05-13 00:09:59.907324+00:00
2022-05-13T00:09:59.907324Z,135562,0.99900000,694.71000000,buy,2022-05-13 00:09:59.907324+00:00
2022-05-13T00:02:55.992569Z,135561,0.99900000,28.10000000,buy,2022-05-13 00:02:55.992569+00:00
2022-05-12T23:56:40.066252Z,135560,0.99900000,3.94000000,buy,2022-05-12 23:56:40.066252+00:00
2022-05-12T23:54:18.33648Z,135559,0.99900000,224.01000000,buy,2022-05-12 23:54:18.336480+00:00
2022-05-12T23:54:11.993497Z,135558,0.99900000,15.39000000,buy,2022-05-12 23:54:11.993497+00:00
2022-05-12T23:42:26.970062Z,135557,0.99900000,0.99000000,buy,2022-05-12 23:42:26.970062+00:00
2022-05-12T23:37:18.005685Z,135556,0.99900000,32.86000000,buy,2022-05-12 23:37:18.005685+00:00
2022-05-12T23:37:18.005685Z,135555,0.99900000,164.34000000,buy,2022-05-12 23:37:18.005685+00:00
2022-05-12T23:35:56.878301Z,135554,0.99900000,0.99000000,buy,2022-05-12 23:35:56.878301+00:00
2022-05-12T23:35:21.238259Z,135553,1.00000000,1.00000000,sell,2022-05-12 23:35:21.238259+00:00
2022-05-12T23:19:46.803487Z,135552,0.99900000,0.99000000,buy,2022-05-12 23:19:46.803487+00:00
2022-05-12T23:16:17.504982Z,135551,0.99900000,30.00000000,buy,2022-05-12 23:16:17.504982+00:00
2022-05-12T23:15:57.821687Z,135550,0.99900000,30.00000000,buy,2022-05-12 23:15:57.821687+00:00
2022-05-12T23:12:37.37893Z,135549,0.99900000,31.15000000,buy,2022-05-12 23:12:37.378930+00:00
2022-05-12T22:54:55.246725Z,135548,0.99900000,5.42000000,buy,2022-05-12 22:54:55.246725+00:00
2022-05-12T22:53:15.499612Z,135547,1.00000000,378.32000000,sell,2022-05-12 22:53:15.499612+00:00
2022-05-12T22:50:42.136257Z,135546,0.99900000,9697.23000000,buy,2022-05-12 22:50:42.136257+00:00
2022-05-12T22:27:52.482777Z,135545,0.99900000,13.40000000,buy,2022-05-12 22:27:52.482777+00:00
2022-05-12T22:27:28.726043Z,135544,0.99900000,5.00000000,buy,2022-05-12 22:27:28.726043+00:00
2022-05-12T22:14:22.950004Z,135543,0.99900000,1.01000000,buy,2022-05-12 22:14:22.950004+00:00
2022-05-12T22:10:20.942526Z,135542,1.00000000,9.31000000,sell,2022-05-12 22:10:20.942526+00:00
2022-05-12T22:04:57.678693Z,135541,1.00000000,4.50000000,sell,2022-05-12 22:04:57.678693+00:00
2022-05-12T21:49:43.220883Z,135540,0.99900000,18.29000000,buy,2022-05-12 21:49:43.220883+00:00
2022-05-12T21:40:26.742557Z,135539,0.99900000,2.18000000,buy,2022-05-12 21:40:26.742557+00:00
2022-05-12T21:40:10.603334Z,135538,0.99900000,1.59000000,buy,2022-05-12 21:40:10.603334+00:00
2022-05-12T21:39:59.453329Z,135537,0.99900000,20.01000000,buy,2022-05-12 21:39:59.453329+00:00
2022-05-12T21:25:17.125613Z,135536,0.99900000,5.37000000,buy,2022-05-12 21:25:17.125613+00:00
2022-05-12T21:24:59.209158Z,135535,0.99900000,2.09000000,buy,2022-05-12 21:24:59.209158+00:00
2022-05-12T21:18:07.189549Z,135534,0.99900000,1.03000000,buy,2022-05-12 21:18:07.189549+00:00
2022-05-12T21:10:31.520736Z,135533,0.99900000,5.19000000,buy,2022-05-12 21:10:31.520736+00:00
2022-05-12T21:01:06.477414Z,135532,0.99900000,8.97000000,buy,2022-05-12 21:01:06.477414+00:00
2022-05-12T20:59:25.400439Z,135531,1.00000000,4.87000000,sell,2022-05-12 20:59:25.400439+00:00
2022-05-12T20:56:06.108449Z,135530,0.99900000,323.32000000,buy,2022-05-12 20:56:06.108449+00:00
2022-05-12T20:46:43.17225Z,135529,0.99900000,30.03000000,buy,2022-05-12 20:46:43.172250+00:00
2022-05-12T20:38:15.928919Z,135528,0.99800000,9.80000000,buy,2022-05-12 20:38:15.928919+00:00
2022-05-12T20:15:54.867293Z,135527,0.99800000,1.59000000,buy,2022-05-12 20:15:54.867293+00:00
2022-05-12T20:08:50.207757Z,135526,1.00000000,493.80000000,sell,2022-05-12 20:08:50.207757+00:00
2022-05-12T20:03:49.900206Z,135525,1.00000000,6.02000000,sell,2022-05-12 20:03:49.900206+00:00
2022-05-12T19:57:15.649652Z,135524,1.00000000,18.42000000,sell,2022-05-12 19:57:15.649652+00:00
2022-05-12T19:51:02.4426Z,135523,0.99800000,4.53000000,buy,2022-05-12 19:51:02.442600+00:00
2022-05-12T19:30:31.789259Z,135522,1.00000000,9.95000000,sell,2022-05-12 19:30:31.789259+00:00
2022-05-12T19:30:18.33241Z,135521,1.00000000,2.44000000,sell,2022-05-12 19:30:18.332410+00:00
2022-05-12T19:27:04.586325Z,135520,0.99900000,10.89000000,sell,2022-05-12 19:27:04.586325+00:00
2022-05-12T19:22:42.620654Z,135519,0.99900000,19.80000000,sell,2022-05-12 19:22:42.620654+00:00
2022-05-12T19:19:32.523487Z,135518,0.99900000,32.67000000,sell,2022-05-12 19:19:32.523487+00:00
2022-05-12T19:18:12.566823Z,135517,0.99900000,64.35000000,sell,2022-05-12 19:18:12.566823+00:00
2022-05-12T19:14:02.611165Z,135516,0.99900000,122.76000000,sell,2022-05-12 19:14:02.611165+00:00
2022-05-12T19:13:40.155897Z,135515,1.00000000,4999.50000000,sell,2022-05-12 19:13:40.155897+00:00
2022-05-12T19:02:12.075424Z,135514,1.00000000,1681.55000000,sell,2022-05-12 19:02:12.075424+00:00
2022-05-12T18:39:39.23489Z,135513,1.00000000,2.04000000,sell,2022-05-12 18:39:39.234890+00:00
2022-05-12T18:33:10.501745Z,135512,0.99900000,1360.85000000,sell,2022-05-12 18:33:10.501745+00:00
2022-05-12T18:32:20.76934Z,135511,0.99900000,15000.00000000,sell,2022-05-12 18:32:20.769340+00:00
2022-05-12T18:30:32.021902Z,135510,0.99900000,15000.00000000,sell,2022-05-12 18:30:32.021902+00:00
2022-05-12T18:30:05.485195Z,135509,0.99900000,10000.00000000,sell,2022-05-12 18:30:05.485195+00:00
2022-05-12T18:27:57.727139Z,135508,1.00000000,2.49000000,sell,2022-05-12 18:27:57.727139+00:00
2022-05-12T18:11:51.578497Z,135507,1.00000000,9.46000000,sell,2022-05-12 18:11:51.578497+00:00
2022-05-12T18:06:25.990837Z,135506,1.00000000,93.69000000,sell,2022-05-12 18:06:25.990837+00:00
2022-05-12T18:02:07.186288Z,135505,0.99800000,5.30000000,buy,2022-05-12 18:02:07.186288+00:00
2022-05-12T17:58:09.960806Z,135504,0.99800000,894.89000000,buy,2022-05-12 17:58:09.960806+00:00
2022-05-12T17:51:20.407562Z,135503,0.99800000,1.00000000,buy,2022-05-12 17:51:20.407562+00:00
2022-05-12T17:38:39.477427Z,135502,0.99800000,4.96000000,buy,2022-05-12 17:38:39.477427+00:00
2022-05-12T17:27:02.772247Z,135501,0.99800000,22.75000000,buy,2022-05-12 17:27:02.772247+00:00
2022-05-12T17:21:31.532078Z,135500,0.99800000,17.99000000,buy,2022-05-12 17:21:31.532078+00:00
2022-05-12T17:17:01.640393Z,135499,1.00000000,73.70000000,sell,2022-05-12 17:17:01.640393+00:00
2022-05-12T17:14:11.791381Z,135498,1.00000000,1166.70000000,sell,2022-05-12 17:14:11.791381+00:00
2022-05-12T17:09:48.441881Z,135497,0.99700000,170.68000000,buy,2022-05-12 17:09:48.441881+00:00
2022-05-12T17:09:48.441881Z,135496,0.99800000,244.69000000,buy,2022-05-12 17:09:48.441881+00:00
2022-05-12T17:01:17.294656Z,135495,0.99800000,5.43000000,buy,2022-05-12 17:01:17.294656+00:00
2022-05-12T16:59:53.846508Z,135494,0.99900000,32.19000000,buy,2022-05-12 16:59:53.846508+00:00
2022-05-12T16:58:47.235457Z,135493,1.00000000,16.01000000,sell,2022-05-12 16:58:47.235457+00:00
2022-05-12T16:41:11.159276Z,135492,0.99900000,6290.82000000,buy,2022-05-12 16:41:11.159276+00:00
2022-05-12T16:38:47.112837Z,135491,0.99900000,406.85000000,buy,2022-05-12 16:38:47.112837+00:00
2022-05-12T16:13:38.4917Z,135490,1.00000000,406.85000000,sell,2022-05-12 16:13:38.491700+00:00
2022-05-12T16:05:49.73198Z,135489,0.99900000,5.00000000,buy,2022-05-12 16:05:49.731980+00:00
2022-05-12T16:04:52.667386Z,135488,0.99900000,78.44000000,buy,2022-05-12 16:04:52.667386+00:00
2022-05-12T16:01:09.149531Z,135487,0.99900000,417.03000000,buy,2022-05-12 16:01:09.149531+00:00
2022-05-12T15:58:53.593475Z,135486,1.00000000,1.00000000,sell,2022-05-12 15:58:53.593475+00:00
2022-05-12T15:53:50.615055Z,135485,1.00000000,417.03000000,sell,2022-05-12 15:53:50.615055+00:00
2022-05-12T15:49:44.929793Z,135484,0.99900000,9.41000000,buy,2022-05-12 15:49:44.929793+00:00
2022-05-12T15:48:34.707417Z,135483,0.99900000,195.13000000,buy,2022-05-12 15:48:34.707417+00:00
2022-05-12T15:38:00.541172Z,135482,1.00000000,11.33000000,sell,2022-05-12 15:38:00.541172+00:00
2022-05-12T15:24:02.57907Z,135481,1.00000000,4.88000000,sell,2022-05-12 15:24:02.579070+00:00
2022-05-12T15:23:31.508792Z,135480,0.99900000,49.75000000,buy,2022-05-12 15:23:31.508792+00:00
2022-05-12T15:22:08.067347Z,135479,0.99900000,23.39000000,buy,2022-05-12 15:22:08.067347+00:00
2022-05-12T15:20:57.102178Z,135478,1.00000000,23.39000000,sell,2022-05-12 15:20:57.102178+00:00
2022-05-12T15:11:46.886677Z,135477,0.99900000,105.18000000,buy,2022-05-12 15:11:46.886677+00:00
2022-05-12T15:10:24.269416Z,135476,0.99900000,42.88000000,buy,2022-05-12 15:10:24.269416+00:00
2022-05-12T15:10:24.269416Z,135475,0.99900000,1.56000000,buy,2022-05-12 15:10:24.269416+00:00
2022-05-12T15:02:04.954043Z,135474,0.99900000,1.37000000,buy,2022-05-12 15:02:04.954043+00:00
2022-05-12T14:58:58.524614Z,135473,0.99900000,13.01000000,buy,2022-05-12 14:58:58.524614+00:00
2022-05-12T14:54:26.647451Z,135472,1.00000000,1.41000000,sell,2022-05-12 14:54:26.647451+00:00
2022-05-12T14:53:08.87101Z,135471,1.00000000,1.21000000,sell,2022-05-12 14:53:08.871010+00:00
2022-05-12T14:50:46.212225Z,135470,1.00000000,536.08000000,sell,2022-05-12 14:50:46.212225+00:00
2022-05-12T14:50:24.15055Z,135469,1.00000000,1.13000000,sell,2022-05-12 14:50:24.150550+00:00
2022-05-12T14:47:14.586139Z,135468,1.00000000,1.13000000,sell,2022-05-12 14:47:14.586139+00:00
2022-05-12T14:47:06.043728Z,135467,0.99900000,226.61000000,buy,2022-05-12 14:47:06.043728+00:00
2022-05-12T14:17:25.956502Z,135466,0.99900000,1987.45000000,buy,2022-05-12 14:17:25.956502+00:00
2022-05-12T14:15:34.37657Z,135465,0.99900000,1869.88000000,buy,2022-05-12 14:15:34.376570+00:00
2022-05-12T14:13:50.194458Z,135464,0.99900000,1.31000000,buy,2022-05-12 14:13:50.194458+00:00
2022-05-12T13:57:39.045038Z,135463,0.99700000,5726.45000000,buy,2022-05-12 13:57:39.045038+00:00
2022-05-12T13:57:39.045038Z,135462,0.99800000,200.00000000,buy,2022-05-12 13:57:39.045038+00:00
2022-05-12T13:57:39.045038Z,135461,0.99900000,9897.50000000,buy,2022-05-12 13:57:39.045038+00:00
2022-05-12T13:55:45.923122Z,135460,0.99900000,5.76000000,buy,2022-05-12 13:55:45.923122+00:00
2022-05-12T13:54:06.534425Z,135459,0.99900000,8.97000000,buy,2022-05-12 13:54:06.534425+00:00
2022-05-12T13:53:56.513499Z,135458,1.00000000,1.06000000,sell,2022-05-12 13:53:56.513499+00:00
2022-05-12T13:49:25.937409Z,135457,0.99900000,2.47000000,buy,2022-05-12 13:49:25.937409+00:00
2022-05-12T13:47:47.678385Z,135456,0.99900000,2.47000000,buy,2022-05-12 13:47:47.678385+00:00
2022-05-12T13:46:41.819058Z,135455,0.99900000,2.47000000,buy,2022-05-12 13:46:41.819058+00:00
2022-05-12T13:45:25.575683Z,135454,0.99900000,2.47000000,buy,2022-05-12 13:45:25.575683+00:00
2022-05-12T13:44:11.0334Z,135453,0.99900000,2.47000000,buy,2022-05-12 13:44:11.033400+00:00
2022-05-12T13:43:23.422796Z,135452,1.00000000,17.42000000,sell,2022-05-12 13:43:23.422796+00:00
2022-05-12T13:38:42.299627Z,135451,1.00000000,4.46000000,sell,2022-05-12 13:38:42.299627+00:00
2022-05-12T13:34:55.415069Z,135450,0.99900000,18.06000000,buy,2022-05-12 13:34:55.415069+00:00
2022-05-12T13:32:43.994716Z,135449,0.99900000,17.13000000,buy,2022-05-12 13:32:43.994716+00:00
2022-05-12T13:22:15.136415Z,135448,0.99900000,3.92000000,buy,2022-05-12 13:22:15.136415+00:00
2022-05-12T13:20:22.992844Z,135447,0.99900000,11.80000000,buy,2022-05-12 13:20:22.992844+00:00
2022-05-12T13:18:57.338359Z,135446,0.99900000,20.01000000,buy,2022-05-12 13:18:57.338359+00:00
2022-05-12T13:17:40.516037Z,135445,1.00000000,17.13000000,sell,2022-05-12 13:17:40.516037+00:00
2022-05-12T13:17:12.421404Z,135444,1.00000000,96.53000000,sell,2022-05-12 13:17:12.421404+00:00
2022-05-12T13:11:18.785001Z,135443,1.00000000,627.49000000,sell,2022-05-12 13:11:18.785001+00:00
2022-05-12T13:09:05.610764Z,135442,0.99900000,4.50000000,buy,2022-05-12 13:09:05.610764+00:00
2022-05-12T13:08:41.815555Z,135441,1.00000000,2.11000000,sell,2022-05-12 13:08:41.815555+00:00
2022-05-12T13:05:55.277727Z,135440,0.99800000,2.00000000,buy,2022-05-12 13:05:55.277727+00:00
2022-05-12T13:01:36.158385Z,135439,1.00000000,96.53000000,sell,2022-05-12 13:01:36.158385+00:00
2022-05-12T12:50:43.872348Z,135438,0.99800000,10.50000000,buy,2022-05-12 12:50:43.872348+00:00
2022-05-12T12:45:04.739604Z,135437,1.00000000,1.23000000,sell,2022-05-12 12:45:04.739604+00:00
2022-05-12T12:44:26.738163Z,135436,0.99800000,89.60000000,buy,2022-05-12 12:44:26.738163+00:00
2022-05-12T12:41:19.31409Z,135435,1.00000000,9.11000000,sell,2022-05-12 12:41:19.314090+00:00
2022-05-12T12:38:13.241526Z,135434,0.99800000,1999.80000000,buy,2022-05-12 12:38:13.241526+00:00
2022-05-12T12:35:32.436944Z,135433,1.00000000,1.96000000,sell,2022-05-12 12:35:32.436944+00:00
2022-05-12T12:27:32.38312Z,135432,1.00000000,22.03000000,sell,2022-05-12 12:27:32.383120+00:00
2022-05-12T12:26:47.38189Z,135431,0.99800000,22.03000000,buy,2022-05-12 12:26:47.381890+00:00
2022-05-12T12:25:02.237337Z,135430,1.00000000,13.07000000,sell,2022-05-12 12:25:02.237337+00:00
2022-05-12T12:22:03.561987Z,135429,1.00000000,9.95000000,sell,2022-05-12 12:22:03.561987+00:00
2022-05-12T12:15:01.100392Z,135428,0.99800000,100.00000000,buy,2022-05-12 12:15:01.100392+00:00
2022-05-12T12:14:25.06856Z,135427,0.99800000,131.94000000,buy,2022-05-12 12:14:25.068560+00:00
2022-05-12T12:10:26.885702Z,135426,1.00000000,55.99000000,sell,2022-05-12 12:10:26.885702+00:00
2022-05-12T12:10:10.441535Z,135425,0.99800000,96.53000000,buy,2022-05-12 12:10:10.441535+00:00
2022-05-12T11:55:06.521368Z,135424,0.99800000,10.93000000,buy,2022-05-12 11:55:06.521368+00:00
2022-05-12T11:36:32.686537Z,135423,0.99800000,20.00000000,buy,2022-05-12 11:36:32.686537+00:00
2022-05-12T11:33:28.779267Z,135422,0.99800000,8.34000000,buy,2022-05-12 11:33:28.779267+00:00
2022-05-12T11:20:54.078721Z,135421,0.99800000,58.36000000,buy,2022-05-12 11:20:54.078721+00:00
2022-05-12T11:20:17.162763Z,135420,0.99800000,2.92000000,buy,2022-05-12 11:20:17.162763+00:00
2022-05-12T11:15:04.927858Z,135419,0.99800000,1.46000000,buy,2022-05-12 11:15:04.927858+00:00
2022-05-12T11:14:03.778613Z,135418,1.00000000,1200.63000000,sell,2022-05-12 11:14:03.778613+00:00
2022-05-12T11:13:06.680366Z,135417,1.00000000,1205.29000000,sell,2022-05-12 11:13:06.680366+00:00
2022-05-12T11:11:28.854758Z,135416,1.00000000,1.70000000,sell,2022-05-12 11:11:28.854758+00:00
2022-05-12T11:06:44.462763Z,135415,1.00000000,277.15000000,sell,2022-05-12 11:06:44.462763+00:00
2022-05-12T11:06:39.378803Z,135414,1.00000000,99.51000000,sell,2022-05-12 11:06:39.378803+00:00
2022-05-12T11:01:53.17453Z,135413,0.99800000,35.25000000,buy,2022-05-12 11:01:53.174530+00:00
2022-05-12T10:59:29.353494Z,135412,1.00000000,1.30000000,sell,2022-05-12 10:59:29.353494+00:00
2022-05-12T10:57:28.685806Z,135411,1.00000000,8.97000000,sell,2022-05-12 10:57:28.685806+00:00
2022-05-12T10:54:53.04014Z,135410,1.00000000,17.83000000,sell,2022-05-12 10:54:53.040140+00:00
2022-05-12T10:51:19.196016Z,135409,0.99800000,2.09000000,buy,2022-05-12 10:51:19.196016+00:00
2022-05-12T10:38:50.830531Z,135408,1.00000000,11.28000000,sell,2022-05-12 10:38:50.830531+00:00
2022-05-12T10:37:04.913794Z,135407,0.99800000,25.00000000,buy,2022-05-12 10:37:04.913794+00:00
2022-05-12T10:30:18.688881Z,135406,0.99800000,12.85000000,buy,2022-05-12 10:30:18.688881+00:00
2022-05-12T10:27:56.940867Z,135405,1.00000000,356.05000000,sell,2022-05-12 10:27:56.940867+00:00
2022-05-12T10:27:56.835822Z,135404,1.00000000,39.56000000,sell,2022-05-12 10:27:56.835822+00:00
2022-05-12T10:18:56.368166Z,135403,1.00000000,238.31000000,sell,2022-05-12 10:18:56.368166+00:00
2022-05-12T10:07:47.27573Z,135402,0.99800000,226.68000000,buy,2022-05-12 10:07:47.275730+00:00
2022-05-12T10:07:28.55775Z,135401,0.99800000,2.78000000,buy,2022-05-12 10:07:28.557750+00:00
2022-05-12T09:56:45.481821Z,135400,0.99800000,70.20000000,buy,2022-05-12 09:56:45.481821+00:00
2022-05-12T09:45:29.34915Z,135399,1.00000000,467.27000000,sell,2022-05-12 09:45:29.349150+00:00
2022-05-12T09:43:32.375831Z,135398,0.99800000,250.21000000,buy,2022-05-12 09:43:32.375831+00:00
2022-05-12T09:43:28.115501Z,135397,1.00000000,5.36000000,sell,2022-05-12 09:43:28.115501+00:00
2022-05-12T09:21:12.378258Z,135396,0.99800000,95.68000000,buy,2022-05-12 09:21:12.378258+00:00
2022-05-12T09:20:34.418539Z,135395,0.99800000,17.42000000,buy,2022-05-12 09:20:34.418539+00:00
2022-05-12T09:07:10.90613Z,135394,1.00000000,48.84000000,sell,2022-05-12 09:07:10.906130+00:00
2022-05-12T08:59:59.968744Z,135393,0.99800000,1.32000000,buy,2022-05-12 08:59:59.968744+00:00
2022-05-12T08:58:13.949022Z,135392,1.00000000,1.29000000,sell,2022-05-12 08:58:13.949022+00:00
2022-05-12T08:51:57.528529Z,135391,1.00000000,11.52000000,sell,2022-05-12 08:51:57.528529+00:00
2022-05-12T08:46:49.971537Z,135390,0.99800000,617.91000000,buy,2022-05-12 08:46:49.971537+00:00
2022-05-12T08:45:32.100297Z,135389,0.99800000,12.21000000,buy,2022-05-12 08:45:32.100297+00:00
2022-05-12T08:44:56.618801Z,135388,1.00000000,617.91000000,sell,2022-05-12 08:44:56.618801+00:00
2022-05-12T08:40:44.282409Z,135387,0.99800000,44.77000000,buy,2022-05-12 08:40:44.282409+00:00
2022-05-12T08:10:01.780966Z,135386,0.99800000,1.22000000,buy,2022-05-12 08:10:01.780966+00:00
2022-05-12T08:09:57.207843Z,135385,0.99800000,1.95000000,buy,2022-05-12 08:09:57.207843+00:00
2022-05-12T08:06:10.861206Z,135384,1.00000000,1.20000000,sell,2022-05-12 08:06:10.861206+00:00
2022-05-12T08:00:03.293626Z,135383,0.99800000,1.21000000,buy,2022-05-12 08:00:03.293626+00:00
2022-05-12T07:51:46.295468Z,135382,1.00000000,15.77000000,sell,2022-05-12 07:51:46.295468+00:00
2022-05-12T07:50:42.406814Z,135381,1.00000000,1.22000000,sell,2022-05-12 07:50:42.406814+00:00
2022-05-12T07:44:22.940232Z,135380,0.99900000,99.99000000,sell,2022-05-12 07:44:22.940232+00:00
2022-05-12T07:44:22.940232Z,135379,0.99900000,151.47000000,sell,2022-05-12 07:44:22.940232+00:00
2022-05-12T07:44:22.887279Z,135378,0.99700000,5449.57000000,buy,2022-05-12 07:44:22.887279+00:00
2022-05-12T07:44:22.887279Z,135377,0.99700000,400.00000000,buy,2022-05-12 07:44:22.887279+00:00
2022-05-12T07:44:22.887279Z,135376,0.99700000,500.00000000,buy,2022-05-12 07:44:22.887279+00:00
2022-05-12T07:44:22.887279Z,135375,0.99700000,520.53000000,buy,2022-05-12 07:44:22.887279+00:00
2022-05-12T07:44:22.887279Z,135374,0.99800000,176.22000000,buy,2022-05-12 07:44:22.887279+00:00
2022-05-12T07:44:22.887279Z,135373,0.99800000,9306.55000000,buy,2022-05-12 07:44:22.887279+00:00
2022-05-12T07:42:02.598319Z,135372,0.99800000,11.13000000,buy,2022-05-12 07:42:02.598319+00:00
2022-05-12T07:41:50.820043Z,135371,1.00000000,1.21000000,sell,2022-05-12 07:41:50.820043+00:00
2022-05-12T07:41:11.825749Z,135370,1.00000000,24.99000000,sell,2022-05-12 07:41:11.825749+00:00
2022-05-12T07:36:52.010319Z,135369,0.99900000,1.47000000,sell,2022-05-12 07:36:52.010319+00:00
2022-05-12T07:30:20.677695Z,135368,0.99900000,2.09000000,sell,2022-05-12 07:30:20.677695+00:00
2022-05-12T07:30:19.460977Z,135367,0.99900000,1.57000000,sell,2022-05-12 07:30:19.460977+00:00
2022-05-12T07:28:29.108064Z,135366,1.00000000,12.51000000,sell,2022-05-12 07:28:29.108064+00:00
2022-05-12T07:27:44.087365Z,135365,0.99800000,12.51000000,buy,2022-05-12 07:27:44.087365+00:00
2022-05-12T07:25:45.026982Z,135364,0.99800000,21.53000000,buy,2022-05-12 07:25:45.026982+00:00
2022-05-12T07:24:19.698022Z,135363,0.99800000,19.61000000,buy,2022-05-12 07:24:19.698022+00:00
2022-05-12T07:23:38.498974Z,135362,0.99800000,313.69000000,buy,2022-05-12 07:23:38.498974+00:00
2022-05-12T07:22:50.891297Z,135361,0.99800000,313.76000000,buy,2022-05-12 07:22:50.891297+00:00
2022-05-12T07:21:22.983295Z,135360,0.99800000,1.22000000,buy,2022-05-12 07:21:22.983295+00:00
2022-05-12T07:21:04.419484Z,135359,1.00000000,1.31000000,sell,2022-05-12 07:21:04.419484+00:00
2022-05-12T07:15:58.20649Z,135358,1.00000000,4.96000000,sell,2022-05-12 07:15:58.206490+00:00
2022-05-12T07:07:00.724164Z,135357,1.00000000,1.13000000,sell,2022-05-12 07:07:00.724164+00:00
2022-05-12T07:04:23.120003Z,135356,0.99800000,3.66000000,buy,2022-05-12 07:04:23.120003+00:00
2022-05-12T07:02:36.656708Z,135355,0.99800000,1.23000000,buy,2022-05-12 07:02:36.656708+00:00
2022-05-12T07:01:54.040596Z,135354,1.00000000,1.96000000,sell,2022-05-12 07:01:54.040596+00:00
2022-05-12T07:01:22.469499Z,135353,1.00000000,1.15000000,sell,2022-05-12 07:01:22.469499+00:00
2022-05-12T06:59:23.699199Z,135352,1.00000000,101.72000000,sell,2022-05-12 06:59:23.699199+00:00
2022-05-12T06:58:27.477509Z,135351,0.99800000,1.96000000,buy,2022-05-12 06:58:27.477509+00:00
2022-05-12T06:57:30.99702Z,135350,0.99800000,26.92000000,buy,2022-05-12 06:57:30.997020+00:00
2022-05-12T06:53:20.691126Z,135349,1.00000000,69.99000000,sell,2022-05-12 06:53:20.691126+00:00
2022-05-12T06:50:43.012764Z,135348,0.99900000,39.85000000,sell,2022-05-12 06:50:43.012764+00:00
2022-05-12T06:47:45.083424Z,135347,0.99900000,118.55000000,sell,2022-05-12 06:47:45.083424+00:00
2022-05-12T06:47:45.083424Z,135346,0.99900000,131.67000000,sell,2022-05-12 06:47:45.083424+00:00
2022-05-12T06:47:16.90622Z,135345,0.99800000,1.50000000,buy,2022-05-12 06:47:16.906220+00:00
2022-05-12T06:46:04.482445Z,135344,0.99900000,1.20000000,sell,2022-05-12 06:46:04.482445+00:00
2022-05-12T06:45:01.704134Z,135343,0.99900000,1.97000000,sell,2022-05-12 06:45:01.704134+00:00
2022-05-12T06:44:18.402961Z,135342,1.00000000,3.43000000,sell,2022-05-12 06:44:18.402961+00:00
2022-05-12T06:39:51.238899Z,135341,0.99900000,2.45000000,buy,2022-05-12 06:39:51.238899+00:00
2022-05-12T06:28:52.81041Z,135340,0.99900000,2.00000000,buy,2022-05-12 06:28:52.810410+00:00
2022-05-12T06:28:15.25294Z,135339,1.00000000,2.00000000,sell,2022-05-12 06:28:15.252940+00:00
2022-05-12T06:27:30.232467Z,135338,0.99900000,2.00000000,buy,2022-05-12 06:27:30.232467+00:00
2022-05-12T06:26:55.839113Z,135337,1.00000000,2.00000000,sell,2022-05-12 06:26:55.839113+00:00
2022-05-12T06:26:11.155618Z,135336,0.99900000,2.00000000,buy,2022-05-12 06:26:11.155618+00:00
2022-05-12T06:23:25.893373Z,135335,0.99900000,49.99000000,buy,2022-05-12 06:23:25.893373+00:00
2022-05-12T06:21:18.592501Z,135334,0.99900000,29.23000000,buy,2022-05-12 06:21:18.592501+00:00
2022-05-12T06:19:23.227019Z,135333,1.00000000,4.70000000,sell,2022-05-12 06:19:23.227019+00:00
2022-05-12T06:18:19.394449Z,135332,1.00000000,1.35000000,sell,2022-05-12 06:18:19.394449+00:00
2022-05-12T06:16:50.665131Z,135331,1.00000000,28.25000000,sell,2022-05-12 06:16:50.665131+00:00
2022-05-12T06:15:54.67607Z,135330,1.00000000,1050.88000000,sell,2022-05-12 06:15:54.676070+00:00
2022-05-12T06:14:59.400277Z,135329,0.99900000,51.59000000,buy,2022-05-12 06:14:59.400277+00:00
2022-05-12T06:14:09.788847Z,135328,0.99900000,895.42000000,buy,2022-05-12 06:14:09.788847+00:00
2022-05-12T06:13:31.470532Z,135327,1.00000000,5.05000000,sell,2022-05-12 06:13:31.470532+00:00
2022-05-12T06:12:36.292161Z,135326,0.99900000,57.90000000,buy,2022-05-12 06:12:36.292161+00:00
2022-05-12T06:12:34.60998Z,135325,0.99900000,43.67000000,buy,2022-05-12 06:12:34.609980+00:00
2022-05-12T06:12:34.161565Z,135324,0.99900000,33.67000000,buy,2022-05-12 06:12:34.161565+00:00
2022-05-12T06:12:32.483117Z,135323,0.99900000,441.77000000,buy,2022-05-12 06:12:32.483117+00:00
2022-05-12T06:12:29.357689Z,135322,0.99900000,208.94000000,buy,2022-05-12 06:12:29.357689+00:00
2022-05-12T06:12:28.334118Z,135321,0.99900000,163.73000000,buy,2022-05-12 06:12:28.334118+00:00
2022-05-12T06:12:27.894254Z,135320,0.99900000,12.00000000,buy,2022-05-12 06:12:27.894254+00:00
2022-05-12T06:12:26.448367Z,135319,0.99900000,1106.64000000,buy,2022-05-12 06:12:26.448367+00:00
2022-05-12T06:12:25.856012Z,135318,0.99900000,406.86000000,buy,2022-05-12 06:12:25.856012+00:00
2022-05-12T06:12:25.856012Z,135317,0.99900000,7.24000000,buy,2022-05-12 06:12:25.856012+00:00
2022-05-12T06:12:25.539783Z,135316,0.99900000,492.76000000,buy,2022-05-12 06:12:25.539783+00:00
2022-05-12T06:12:25.539783Z,135315,0.99900000,223.87000000,buy,2022-05-12 06:12:25.539783+00:00
2022-05-12T06:12:24.678031Z,135314,0.99900000,3055.37000000,buy,2022-05-12 06:12:24.678031+00:00
2022-05-12T06:12:24.262571Z,135313,0.99900000,339.16000000,buy,2022-05-12 06:12:24.262571+00:00
2022-05-12T06:12:23.805208Z,135312,0.99900000,5934.71000000,buy,2022-05-12 06:12:23.805208+00:00
2022-05-12T06:12:21.787008Z,135311,1.00000000,11.61000000,sell,2022-05-12 06:12:21.787008+00:00
2022-05-12T06:10:50.768637Z,135310,1.00000000,13.22000000,sell,2022-05-12 06:10:50.768637+00:00
2022-05-12T06:10:35.782855Z,135309,0.99900000,3.00000000,buy,2022-05-12 06:10:35.782855+00:00
2022-05-12T06:09:04.065957Z,135308,1.00000000,17.30000000,sell,2022-05-12 06:09:04.065957+00:00
2022-05-12T06:07:48.136714Z,135307,1.00000000,1.75000000,sell,2022-05-12 06:07:48.136714+00:00
2022-05-12T06:06:57.401905Z,135306,0.99900000,287.18000000,buy,2022-05-12 06:06:57.401905+00:00
2022-05-12T06:06:49.492868Z,135305,0.99900000,51.30000000,buy,2022-05-12 06:06:49.492868+00:00
2022-05-12T06:06:04.504625Z,135304,1.00000000,287.18000000,sell,2022-05-12 06:06:04.504625+00:00
2022-05-12T05:55:52.189864Z,135303,0.99900000,1.00000000,buy,2022-05-12 05:55:52.189864+00:00
2022-05-12T05:54:52.064142Z,135302,1.00000000,307.44000000,sell,2022-05-12 05:54:52.064142+00:00
2022-05-12T05:54:46.787093Z,135301,0.99900000,0.99000000,buy,2022-05-12 05:54:46.787093+00:00
2022-05-12T05:53:09.832941Z,135300,1.00000000,1.00000000,sell,2022-05-12 05:53:09.832941+00:00
2022-05-12T05:38:48.681941Z,135299,1.00000000,2.99000000,sell,2022-05-12 05:38:48.681941+00:00
2022-05-12T05:38:35.597878Z,135298,1.00000000,1.24000000,sell,2022-05-12 05:38:35.597878+00:00
2022-05-12T05:37:09.234828Z,135297,0.99900000,1.16000000,buy,2022-05-12 05:37:09.234828+00:00
2022-05-12T05:36:26.109478Z,135296,1.00000000,2.16000000,sell,2022-05-12 05:36:26.109478+00:00
2022-05-12T05:32:37.835447Z,135295,0.99900000,1.38000000,buy,2022-05-12 05:32:37.835447+00:00
2022-05-12T05:32:02.499731Z,135294,1.00000000,1.94000000,sell,2022-05-12 05:32:02.499731+00:00
2022-05-12T05:31:42.5314Z,135293,0.99900000,1.00000000,buy,2022-05-12 05:31:42.531400+00:00
2022-05-12T05:24:14.882088Z,135292,0.99900000,1.75000000,buy,2022-05-12 05:24:14.882088+00:00
2022-05-12T05:23:55.598002Z,135291,0.99900000,2.00000000,buy,2022-05-12 05:23:55.598002+00:00
2022-05-12T05:23:36.337809Z,135290,0.99900000,2.00000000,buy,2022-05-12 05:23:36.337809+00:00
2022-05-12T05:23:16.416729Z,135289,0.99900000,2.00000000,buy,2022-05-12 05:23:16.416729+00:00
2022-05-12T05:22:56.033843Z,135288,0.99900000,2.00000000,buy,2022-05-12 05:22:56.033843+00:00
2022-05-12T05:22:39.255054Z,135287,0.99900000,2.00000000,buy,2022-05-12 05:22:39.255054+00:00
2022-05-12T05:22:18.68812Z,135286,0.99900000,2.00000000,buy,2022-05-12 05:22:18.688120+00:00
2022-05-12T05:21:53.18429Z,135285,0.99900000,2.00000000,buy,2022-05-12 05:21:53.184290+00:00
2022-05-12T05:21:27.634035Z,135284,0.99900000,2.00000000,buy,2022-05-12 05:21:27.634035+00:00
2022-05-12T05:21:10.737706Z,135283,0.99900000,2.00000000,buy,2022-05-12 05:21:10.737706+00:00
2022-05-12T05:20:51.841656Z,135282,0.99900000,2.00000000,buy,2022-05-12 05:20:51.841656+00:00
2022-05-12T05:20:32.502506Z,135281,0.99900000,2.00000000,buy,2022-05-12 05:20:32.502506+00:00
2022-05-12T05:20:22.150098Z,135280,0.99900000,14.70000000,buy,2022-05-12 05:20:22.150098+00:00
2022-05-12T05:20:12.917075Z,135279,0.99900000,2.00000000,buy,2022-05-12 05:20:12.917075+00:00
2022-05-12T05:19:17.670183Z,135278,0.99900000,2.00000000,buy,2022-05-12 05:19:17.670183+00:00
2022-05-12T05:18:55.676712Z,135277,0.99900000,2.00000000,buy,2022-05-12 05:18:55.676712+00:00
2022-05-12T05:18:39.133326Z,135276,0.99900000,2.00000000,buy,2022-05-12 05:18:39.133326+00:00
2022-05-12T05:18:21.573472Z,135275,0.99900000,2.00000000,buy,2022-05-12 05:18:21.573472+00:00
2022-05-12T05:18:02.061154Z,135274,0.99900000,2.00000000,buy,2022-05-12 05:18:02.061154+00:00
2022-05-12T05:17:43.425987Z,135273,0.99900000,2.00000000,buy,2022-05-12 05:17:43.425987+00:00
2022-05-12T05:17:25.776433Z,135272,0.99900000,2.00000000,buy,2022-05-12 05:17:25.776433+00:00
2022-05-12T05:17:07.127745Z,135271,0.99900000,2.00000000,buy,2022-05-12 05:17:07.127745+00:00
2022-05-12T05:16:48.553918Z,135270,0.99900000,2.00000000,buy,2022-05-12 05:16:48.553918+00:00
2022-05-12T05:16:34.657617Z,135269,0.99900000,2.00000000,buy,2022-05-12 05:16:34.657617+00:00
2022-05-12T05:16:14.003822Z,135268,0.99900000,2.00000000,buy,2022-05-12 05:16:14.003822+00:00
2022-05-12T05:13:20.93978Z,135267,1.00000000,47.77000000,sell,2022-05-12 05:13:20.939780+00:00
2022-05-12T05:10:33.471716Z,135266,1.00000000,14.70000000,sell,2022-05-12 05:10:33.471716+00:00
2022-05-12T05:07:47.055376Z,135265,1.00000000,8.80000000,sell,2022-05-12 05:07:47.055376+00:00
2022-05-12T05:02:37.206566Z,135264,1.00000000,1.00000000,sell,2022-05-12 05:02:37.206566+00:00
2022-05-12T04:58:41.874117Z,135263,0.99900000,1.64000000,buy,2022-05-12 04:58:41.874117+00:00
2022-05-12T04:50:25.671527Z,135262,0.99900000,10.11000000,buy,2022-05-12 04:50:25.671527+00:00
2022-05-12T04:49:17.066354Z,135261,0.99900000,19.62000000,buy,2022-05-12 04:49:17.066354+00:00
2022-05-12T04:46:50.598829Z,135260,0.99900000,2.00000000,buy,2022-05-12 04:46:50.598829+00:00
2022-05-12T04:43:53.681551Z,135259,0.99900000,1.32000000,buy,2022-05-12 04:43:53.681551+00:00
2022-05-12T04:41:34.367477Z,135258,1.00000000,1.92000000,sell,2022-05-12 04:41:34.367477+00:00
2022-05-12T04:38:49.050726Z,135257,0.99900000,2.74000000,buy,2022-05-12 04:38:49.050726+00:00
2022-05-12T04:38:49.050726Z,135256,0.99900000,3.00000000,buy,2022-05-12 04:38:49.050726+00:00
2022-05-12T04:36:50.851926Z,135255,0.99900000,2.00000000,buy,2022-05-12 04:36:50.851926+00:00
2022-05-12T04:33:51.181263Z,135254,0.99900000,2.24000000,buy,2022-05-12 04:33:51.181263+00:00
2022-05-12T04:33:08.020391Z,135253,0.99900000,2.80000000,buy,2022-05-12 04:33:08.020391+00:00
2022-05-12T04:29:27.87784Z,135252,0.99900000,122.82000000,buy,2022-05-12 04:29:27.877840+00:00
2022-05-12T04:28:24.550811Z,135251,0.99900000,51.22000000,buy,2022-05-12 04:28:24.550811+00:00
2022-05-12T04:26:14.498833Z,135250,1.00000000,312.07000000,sell,2022-05-12 04:26:14.498833+00:00
2022-05-12T04:25:57.010737Z,135249,1.00000000,175.25000000,sell,2022-05-12 04:25:57.010737+00:00
2022-05-12T04:23:48.544872Z,135248,0.99900000,1.50000000,buy,2022-05-12 04:23:48.544872+00:00
2022-05-12T04:23:19.317384Z,135247,0.99900000,42.15000000,buy,2022-05-12 04:23:19.317384+00:00
2022-05-12T04:22:38.39054Z,135246,0.99900000,6.69000000,buy,2022-05-12 04:22:38.390540+00:00
2022-05-12T04:06:54.103027Z,135245,0.99900000,3.14000000,buy,2022-05-12 04:06:54.103027+00:00
2022-05-12T04:05:45.179082Z,135244,1.00000000,5766.60000000,sell,2022-05-12 04:05:45.179082+00:00
2022-05-12T04:05:06.820514Z,135243,0.99900000,147.89000000,buy,2022-05-12 04:05:06.820514+00:00
2022-05-12T04:05:06.803467Z,135242,1.00000000,149.44000000,sell,2022-05-12 04:05:06.803467+00:00
2022-05-12T04:04:16.871528Z,135241,0.99900000,53.46000000,buy,2022-05-12 04:04:16.871528+00:00
2022-05-12T04:01:32.349638Z,135240,0.99700000,1828.65000000,buy,2022-05-12 04:01:32.349638+00:00
2022-05-12T04:01:32.349638Z,135239,0.99800000,1000.00000000,buy,2022-05-12 04:01:32.349638+00:00
2022-05-12T04:01:32.349638Z,135238,0.99800000,1000.00000000,buy,2022-05-12 04:01:32.349638+00:00
2022-05-12T04:01:32.349638Z,135237,0.99900000,10000.00000000,buy,2022-05-12 04:01:32.349638+00:00
2022-05-12T04:01:32.349638Z,135236,0.99900000,1999.80000000,buy,2022-05-12 04:01:32.349638+00:00
2022-05-12T04:01:32.349638Z,135235,0.99900000,18148.56000000,buy,2022-05-12 04:01:32.349638+00:00
2022-05-12T03:34:18.826258Z,135234,0.99900000,249.97000000,buy,2022-05-12 03:34:18.826258+00:00
2022-05-12T03:33:45.972391Z,135233,1.00000000,1905.63000000,sell,2022-05-12 03:33:45.972391+00:00
2022-05-12T03:21:46.871709Z,135232,0.99900000,56.64000000,buy,2022-05-12 03:21:46.871709+00:00
2022-05-12T03:19:51.650218Z,135231,1.00000000,3.98000000,sell,2022-05-12 03:19:51.650218+00:00
2022-05-12T03:15:47.195146Z,135230,0.99900000,25.17000000,buy,2022-05-12 03:15:47.195146+00:00
2022-05-12T03:04:26.40583Z,135229,1.00000000,1.00000000,sell,2022-05-12 03:04:26.405830+00:00
2022-05-12T03:02:16.802075Z,135228,0.99900000,20.94000000,buy,2022-05-12 03:02:16.802075+00:00
2022-05-12T03:01:05.005286Z,135227,0.99900000,4.85000000,buy,2022-05-12 03:01:05.005286+00:00
2022-05-12T03:00:16.125764Z,135226,0.99900000,29.05000000,buy,2022-05-12 03:00:16.125764+00:00
2022-05-12T02:59:54.946543Z,135225,0.99900000,1464.82000000,buy,2022-05-12 02:59:54.946543+00:00
2022-05-12T02:59:54.946543Z,135224,0.99900000,55.58000000,buy,2022-05-12 02:59:54.946543+00:00
2022-05-12T02:59:54.946543Z,135223,0.99900000,100.00000000,buy,2022-05-12 02:59:54.946543+00:00
2022-05-12T02:59:54.946543Z,135222,0.99900000,302.21000000,buy,2022-05-12 02:59:54.946543+00:00
2022-05-12T02:55:09.06163Z,135221,0.99900000,758.66000000,buy,2022-05-12 02:55:09.061630+00:00
2022-05-12T02:55:08.579564Z,135220,0.99900000,56.24000000,buy,2022-05-12 02:55:08.579564+00:00
2022-05-12T02:54:10.506866Z,135219,1.00000000,8.97000000,sell,2022-05-12 02:54:10.506866+00:00
2022-05-12T02:53:34.62002Z,135218,1.00000000,113.94000000,sell,2022-05-12 02:53:34.620020+00:00
2022-05-12T02:52:42.753651Z,135217,0.99900000,55.35000000,buy,2022-05-12 02:52:42.753651+00:00
2022-05-12T02:52:16.955254Z,135216,0.99900000,200.10000000,buy,2022-05-12 02:52:16.955254+00:00
2022-05-12T02:48:31.139484Z,135215,0.99900000,148.30000000,buy,2022-05-12 02:48:31.139484+00:00
2022-05-12T02:46:08.877438Z,135214,0.99900000,18.24000000,buy,2022-05-12 02:46:08.877438+00:00
2022-05-12T02:45:58.55936Z,135213,1.00000000,1.00000000,sell,2022-05-12 02:45:58.559360+00:00
2022-05-12T02:44:30.190352Z,135212,1.00000000,1.03000000,sell,2022-05-12 02:44:30.190352+00:00
2022-05-12T02:44:19.141575Z,135211,0.99900000,17.64000000,buy,2022-05-12 02:44:19.141575+00:00
2022-05-12T02:43:58.267302Z,135210,1.00000000,1.11000000,sell,2022-05-12 02:43:58.267302+00:00
2022-05-12T02:43:22.761049Z,135209,1.00000000,2.00000000,sell,2022-05-12 02:43:22.761049+00:00
2022-05-12T02:41:45.612132Z,135208,1.00000000,24.67000000,sell,2022-05-12 02:41:45.612132+00:00
2022-05-12T02:40:55.134481Z,135207,1.00000000,11.92000000,sell,2022-05-12 02:40:55.134481+00:00
2022-05-12T02:35:08.168864Z,135206,0.99900000,3.58000000,buy,2022-05-12 02:35:08.168864+00:00
2022-05-12T02:34:06.566424Z,135205,1.00000000,3.47000000,sell,2022-05-12 02:34:06.566424+00:00
2022-05-12T02:33:30.585421Z,135204,0.99900000,22.42000000,buy,2022-05-12 02:33:30.585421+00:00
2022-05-12T02:33:22.075011Z,135203,0.99900000,22.22000000,buy,2022-05-12 02:33:22.075011+00:00
2022-05-12T02:33:21.9115Z,135202,0.99900000,22.22000000,buy,2022-05-12 02:33:21.911500+00:00
2022-05-12T02:32:23.222536Z,135201,0.99900000,21.42000000,buy,2022-05-12 02:32:23.222536+00:00
2022-05-12T02:32:21.37135Z,135200,0.99900000,21.22000000,buy,2022-05-12 02:32:21.371350+00:00
2022-05-12T02:32:00.622143Z,135199,0.99900000,20.90000000,buy,2022-05-12 02:32:00.622143+00:00
2022-05-12T02:31:48.796855Z,135198,0.99900000,21.98000000,buy,2022-05-12 02:31:48.796855+00:00
2022-05-12T02:29:20.614513Z,135197,0.99900000,287.30000000,buy,2022-05-12 02:29:20.614513+00:00
2022-05-12T02:29:20.614513Z,135196,0.99900000,713.20000000,buy,2022-05-12 02:29:20.614513+00:00
2022-05-12T02:24:14.204592Z,135195,1.00000000,48.35000000,sell,2022-05-12 02:24:14.204592+00:00
2022-05-12T02:15:31.465932Z,135194,0.99900000,95.57000000,buy,2022-05-12 02:15:31.465932+00:00
2022-05-12T02:07:09.352385Z,135193,1.00000000,548.19000000,sell,2022-05-12 02:07:09.352385+00:00
2022-05-12T02:07:09.352385Z,135192,1.00000000,452.31000000,sell,2022-05-12 02:07:09.352385+00:00
2022-05-12T02:06:24.360093Z,135191,0.99900000,1000.50000000,buy,2022-05-12 02:06:24.360093+00:00
2022-05-12T01:59:37.637362Z,135190,0.99900000,2.45000000,buy,2022-05-12 01:59:37.637362+00:00
