time,trade_id,price,size,side,date
2022-05-14T22:24:51.476913Z,8278446,0.00132000,6792.00000000,sell,2022-05-14 22:24:51.476913+00:00
2022-05-14T22:24:36.924173Z,8278445,0.00132000,3023.00000000,sell,2022-05-14 22:24:36.924173+00:00
2022-05-14T22:24:15.505632Z,8278444,0.00131000,978.00000000,buy,2022-05-14 22:24:15.505632+00:00
2022-05-14T22:23:52.80987Z,8278443,0.00131000,2348.00000000,buy,2022-05-14 22:23:52.809870+00:00
2022-05-14T22:23:28.442476Z,8278442,0.00132000,73127.00000000,sell,2022-05-14 22:23:28.442476+00:00
2022-05-14T22:23:27.650729Z,8278441,0.00132000,3862.00000000,sell,2022-05-14 22:23:27.650729+00:00
2022-05-14T22:23:23.844001Z,8278440,0.00132000,5000.00000000,sell,2022-05-14 22:23:23.844001+00:00
2022-05-14T22:22:50.686858Z,8278439,0.00131000,456274.00000000,buy,2022-05-14 22:22:50.686858+00:00
2022-05-14T22:22:24.265124Z,8278438,0.00132000,7427.00000000,sell,2022-05-14 22:22:24.265124+00:00
2022-05-14T22:21:59.460293Z,8278437,0.00132000,44997.00000000,sell,2022-05-14 22:21:59.460293+00:00
2022-05-14T22:21:46.522132Z,8278436,0.00132000,155887.00000000,sell,2022-05-14 22:21:46.522132+00:00
2022-05-14T22:21:30.515428Z,8278435,0.00132000,1477.00000000,sell,2022-05-14 22:21:30.515428+00:00
2022-05-14T22:21:10.438343Z,8278434,0.00131000,761237.00000000,buy,2022-05-14 22:21:10.438343+00:00
2022-05-14T22:21:10.438343Z,8278433,0.00131000,39600.00000000,buy,2022-05-14 22:21:10.438343+00:00
2022-05-14T22:21:10.438343Z,8278432,0.00131000,22738.00000000,buy,2022-05-14 22:21:10.438343+00:00
2022-05-14T22:21:10.438343Z,8278431,0.00131000,45475.00000000,buy,2022-05-14 22:21:10.438343+00:00
2022-05-14T22:21:10.438343Z,8278430,0.00131000,55026.00000000,buy,2022-05-14 22:21:10.438343+00:00
2022-05-14T22:21:04.592852Z,8278429,0.00132000,17.00000000,sell,2022-05-14 22:21:04.592852+00:00
2022-05-14T22:20:27.419018Z,8278428,0.00132000,7424.00000000,sell,2022-05-14 22:20:27.419018+00:00
2022-05-14T22:20:10.801425Z,8278427,0.00131000,16000.00000000,buy,2022-05-14 22:20:10.801425+00:00
2022-05-14T22:19:41.034069Z,8278426,0.00131000,929.00000000,buy,2022-05-14 22:19:41.034069+00:00
2022-05-14T22:19:38.880293Z,8278425,0.00132000,929.00000000,sell,2022-05-14 22:19:38.880293+00:00
2022-05-14T22:19:08.542034Z,8278424,0.00132000,36190.00000000,sell,2022-05-14 22:19:08.542034+00:00
2022-05-14T22:19:01.028507Z,8278423,0.00132000,36190.00000000,sell,2022-05-14 22:19:01.028507+00:00
2022-05-14T22:18:47.586117Z,8278422,0.00132000,18211.00000000,sell,2022-05-14 22:18:47.586117+00:00
2022-05-14T22:18:47.322392Z,8278421,0.00131000,817.00000000,buy,2022-05-14 22:18:47.322392+00:00
2022-05-14T22:18:25.185518Z,8278420,0.00131000,5818.00000000,buy,2022-05-14 22:18:25.185518+00:00
2022-05-14T22:18:02.754682Z,8278419,0.00132000,108.00000000,sell,2022-05-14 22:18:02.754682+00:00
2022-05-14T22:18:02.133602Z,8278418,0.00132000,50000.00000000,sell,2022-05-14 22:18:02.133602+00:00
2022-05-14T22:17:31.162318Z,8278417,0.00132000,57161.00000000,sell,2022-05-14 22:17:31.162318+00:00
2022-05-14T22:17:26.570106Z,8278416,0.00131000,8439.00000000,buy,2022-05-14 22:17:26.570106+00:00
2022-05-14T22:17:01.559388Z,8278415,0.00131000,906.00000000,buy,2022-05-14 22:17:01.559388+00:00
2022-05-14T22:16:50.689069Z,8278414,0.00131000,26420.00000000,buy,2022-05-14 22:16:50.689069+00:00
2022-05-14T22:16:19.184925Z,8278413,0.00132000,134976.00000000,sell,2022-05-14 22:16:19.184925+00:00
2022-05-14T22:16:17.242917Z,8278412,0.00132000,4793.00000000,sell,2022-05-14 22:16:17.242917+00:00
2022-05-14T22:15:59.817692Z,8278411,0.00131000,36300.00000000,sell,2022-05-14 22:15:59.817692+00:00
2022-05-14T22:15:59.817692Z,8278410,0.00131000,127289.00000000,sell,2022-05-14 22:15:59.817692+00:00
2022-05-14T22:15:59.544196Z,8278409,0.00131000,22967.00000000,sell,2022-05-14 22:15:59.544196+00:00
2022-05-14T22:15:57.248453Z,8278408,0.00131000,1906.00000000,sell,2022-05-14 22:15:57.248453+00:00
2022-05-14T22:15:55.234653Z,8278407,0.00131000,23678.00000000,sell,2022-05-14 22:15:55.234653+00:00
2022-05-14T22:15:55.222807Z,8278406,0.00131000,47355.00000000,sell,2022-05-14 22:15:55.222807+00:00
2022-05-14T22:15:54.300854Z,8278405,0.00131000,23917.00000000,sell,2022-05-14 22:15:54.300854+00:00
2022-05-14T22:15:42.375811Z,8278404,0.00130000,33732.00000000,buy,2022-05-14 22:15:42.375811+00:00
2022-05-14T22:15:25.51165Z,8278403,0.00130000,15956.00000000,buy,2022-05-14 22:15:25.511650+00:00
2022-05-14T22:15:24.103919Z,8278402,0.00130000,145301.00000000,buy,2022-05-14 22:15:24.103919+00:00
2022-05-14T22:14:27.745851Z,8278401,0.00130000,4428.00000000,buy,2022-05-14 22:14:27.745851+00:00
2022-05-14T22:14:16.417162Z,8278400,0.00130000,322.00000000,buy,2022-05-14 22:14:16.417162+00:00
2022-05-14T22:14:16.110076Z,8278399,0.00131000,9714.00000000,sell,2022-05-14 22:14:16.110076+00:00
2022-05-14T22:14:15.398531Z,8278398,0.00131000,142.00000000,sell,2022-05-14 22:14:15.398531+00:00
2022-05-14T22:13:50.034613Z,8278397,0.00130000,37626.00000000,buy,2022-05-14 22:13:50.034613+00:00
2022-05-14T22:13:46.941014Z,8278396,0.00130000,9398.00000000,buy,2022-05-14 22:13:46.941014+00:00
2022-05-14T22:13:46.439463Z,8278395,0.00131000,766.00000000,sell,2022-05-14 22:13:46.439463+00:00
2022-05-14T22:13:37.617383Z,8278394,0.00131000,1313068.00000000,sell,2022-05-14 22:13:37.617383+00:00
2022-05-14T22:13:28.185535Z,8278393,0.00130000,11022.00000000,buy,2022-05-14 22:13:28.185535+00:00
2022-05-14T22:13:20.22491Z,8278392,0.00130000,377374.00000000,buy,2022-05-14 22:13:20.224910+00:00
2022-05-14T22:13:18.087704Z,8278391,0.00131000,1830.00000000,sell,2022-05-14 22:13:18.087704+00:00
2022-05-14T22:12:58.051687Z,8278390,0.00130000,7731.00000000,buy,2022-05-14 22:12:58.051687+00:00
2022-05-14T22:11:56.915623Z,8278389,0.00131000,130652.00000000,sell,2022-05-14 22:11:56.915623+00:00
2022-05-14T22:11:55.600147Z,8278388,0.00130000,1990.00000000,buy,2022-05-14 22:11:55.600147+00:00
2022-05-14T22:11:49.512588Z,8278387,0.00131000,11421.00000000,sell,2022-05-14 22:11:49.512588+00:00
2022-05-14T22:11:10.842359Z,8278386,0.00130000,76628.00000000,buy,2022-05-14 22:11:10.842359+00:00
2022-05-14T22:11:04.474627Z,8278385,0.00130000,96766.00000000,buy,2022-05-14 22:11:04.474627+00:00
2022-05-14T22:11:04.474627Z,8278384,0.00130000,96097.00000000,buy,2022-05-14 22:11:04.474627+00:00
2022-05-14T22:11:04.474627Z,8278383,0.00130000,48049.00000000,buy,2022-05-14 22:11:04.474627+00:00
2022-05-14T22:11:04.474627Z,8278382,0.00130000,123950.00000000,buy,2022-05-14 22:11:04.474627+00:00
2022-05-14T22:11:04.474627Z,8278381,0.00130000,34100.00000000,buy,2022-05-14 22:11:04.474627+00:00
2022-05-14T22:10:06.974265Z,8278380,0.00131000,265846.00000000,sell,2022-05-14 22:10:06.974265+00:00
2022-05-14T22:09:56.892625Z,8278379,0.00131000,34085.00000000,sell,2022-05-14 22:09:56.892625+00:00
2022-05-14T22:09:56.892625Z,8278378,0.00131000,39600.00000000,sell,2022-05-14 22:09:56.892625+00:00
2022-05-14T22:09:38.342458Z,8278377,0.00131000,25614.00000000,sell,2022-05-14 22:09:38.342458+00:00
2022-05-14T22:09:38.139348Z,8278376,0.00131000,16611.00000000,sell,2022-05-14 22:09:38.139348+00:00
2022-05-14T22:09:38.139348Z,8278375,0.00131000,185176.00000000,sell,2022-05-14 22:09:38.139348+00:00
2022-05-14T22:09:37.87388Z,8278374,0.00131000,241741.00000000,sell,2022-05-14 22:09:37.873880+00:00
2022-05-14T22:09:37.873324Z,8278373,0.00131000,91068.00000000,sell,2022-05-14 22:09:37.873324+00:00
2022-05-14T22:09:37.873324Z,8278372,0.00131000,136730.00000000,sell,2022-05-14 22:09:37.873324+00:00
2022-05-14T22:09:37.873324Z,8278371,0.00131000,39600.00000000,sell,2022-05-14 22:09:37.873324+00:00
2022-05-14T22:09:36.191708Z,8278370,0.00131000,75956.00000000,sell,2022-05-14 22:09:36.191708+00:00
2022-05-14T22:09:30.748017Z,8278369,0.00130000,516.00000000,buy,2022-05-14 22:09:30.748017+00:00
2022-05-14T22:08:59.840964Z,8278368,0.00131000,1499.00000000,sell,2022-05-14 22:08:59.840964+00:00
2022-05-14T22:08:53.533636Z,8278367,0.00131000,3793.00000000,sell,2022-05-14 22:08:53.533636+00:00
2022-05-14T22:08:53.533636Z,8278366,0.00131000,42623.00000000,sell,2022-05-14 22:08:53.533636+00:00
2022-05-14T22:08:53.533636Z,8278365,0.00131000,21220.00000000,sell,2022-05-14 22:08:53.533636+00:00
2022-05-14T22:08:53.533636Z,8278364,0.00131000,6049.00000000,sell,2022-05-14 22:08:53.533636+00:00
2022-05-14T22:08:50.287975Z,8278363,0.00131000,3172.00000000,sell,2022-05-14 22:08:50.287975+00:00
2022-05-14T22:08:37.997336Z,8278362,0.00130000,1102.00000000,buy,2022-05-14 22:08:37.997336+00:00
2022-05-14T22:08:32.657873Z,8278361,0.00131000,873500.00000000,sell,2022-05-14 22:08:32.657873+00:00
2022-05-14T22:08:32.657873Z,8278360,0.00131000,42623.00000000,sell,2022-05-14 22:08:32.657873+00:00
2022-05-14T22:08:32.657873Z,8278359,0.00131000,159012.00000000,sell,2022-05-14 22:08:32.657873+00:00
2022-05-14T22:08:13.614833Z,8278358,0.00130000,685.00000000,buy,2022-05-14 22:08:13.614833+00:00
2022-05-14T22:08:12.668004Z,8278357,0.00131000,3066.00000000,sell,2022-05-14 22:08:12.668004+00:00
2022-05-14T22:08:12.668004Z,8278356,0.00131000,6930.00000000,sell,2022-05-14 22:08:12.668004+00:00
2022-05-14T22:07:12.204922Z,8278355,0.00131000,579.00000000,sell,2022-05-14 22:07:12.204922+00:00
2022-05-14T22:06:59.345251Z,8278354,0.00131000,33011.00000000,sell,2022-05-14 22:06:59.345251+00:00
2022-05-14T22:06:59.345251Z,8278353,0.00131000,40028.00000000,sell,2022-05-14 22:06:59.345251+00:00
2022-05-14T22:06:36.417567Z,8278352,0.00130000,2628.00000000,buy,2022-05-14 22:06:36.417567+00:00
2022-05-14T22:05:25.416123Z,8278351,0.00131000,10000.00000000,sell,2022-05-14 22:05:25.416123+00:00
2022-05-14T22:05:21.743013Z,8278350,0.00131000,1159.00000000,sell,2022-05-14 22:05:21.743013+00:00
2022-05-14T22:05:13.680263Z,8278349,0.00131000,776.00000000,sell,2022-05-14 22:05:13.680263+00:00
2022-05-14T22:05:04.288193Z,8278348,0.00130000,3737.00000000,buy,2022-05-14 22:05:04.288193+00:00
2022-05-14T22:05:04.288193Z,8278347,0.00130000,2500.00000000,buy,2022-05-14 22:05:04.288193+00:00
2022-05-14T22:05:04.288193Z,8278346,0.00130000,5066.00000000,buy,2022-05-14 22:05:04.288193+00:00
2022-05-14T22:05:02.029776Z,8278345,0.00130000,1029.00000000,buy,2022-05-14 22:05:02.029776+00:00
2022-05-14T22:04:53.032551Z,8278344,0.00131000,17857.00000000,sell,2022-05-14 22:04:53.032551+00:00
2022-05-14T22:04:41.544868Z,8278343,0.00130000,2539.00000000,buy,2022-05-14 22:04:41.544868+00:00
2022-05-14T22:04:33.93867Z,8278342,0.00130000,13288.00000000,buy,2022-05-14 22:04:33.938670+00:00
2022-05-14T22:04:33.254042Z,8278341,0.00131000,11219.00000000,sell,2022-05-14 22:04:33.254042+00:00
2022-05-14T22:04:31.762715Z,8278340,0.00130000,825.00000000,buy,2022-05-14 22:04:31.762715+00:00
2022-05-14T22:04:14.979311Z,8278339,0.00131000,34436.00000000,sell,2022-05-14 22:04:14.979311+00:00
2022-05-14T22:04:14.979311Z,8278338,0.00131000,20260.00000000,sell,2022-05-14 22:04:14.979311+00:00
2022-05-14T22:03:16.763553Z,8278337,0.00131000,2200.00000000,buy,2022-05-14 22:03:16.763553+00:00
2022-05-14T22:03:16.763553Z,8278336,0.00131000,53937.00000000,buy,2022-05-14 22:03:16.763553+00:00
2022-05-14T22:03:16.691643Z,8278335,0.00131000,53936.00000000,buy,2022-05-14 22:03:16.691643+00:00
2022-05-14T22:03:16.691643Z,8278334,0.00131000,39600.00000000,buy,2022-05-14 22:03:16.691643+00:00
2022-05-14T22:03:14.647031Z,8278333,0.00132000,14828.00000000,sell,2022-05-14 22:03:14.647031+00:00
2022-05-14T22:03:05.032951Z,8278332,0.00131000,38023.00000000,buy,2022-05-14 22:03:05.032951+00:00
2022-05-14T22:02:46.525335Z,8278331,0.00132000,1590.00000000,sell,2022-05-14 22:02:46.525335+00:00
2022-05-14T22:02:45.791303Z,8278330,0.00132000,6563.00000000,sell,2022-05-14 22:02:45.791303+00:00
2022-05-14T22:02:41.524836Z,8278329,0.00132000,31784.00000000,sell,2022-05-14 22:02:41.524836+00:00
2022-05-14T22:02:40.844833Z,8278328,0.00131000,12445.00000000,buy,2022-05-14 22:02:40.844833+00:00
2022-05-14T22:02:32.624342Z,8278327,0.00132000,37685.00000000,sell,2022-05-14 22:02:32.624342+00:00
2022-05-14T22:02:12.092411Z,8278326,0.00131000,7473.00000000,buy,2022-05-14 22:02:12.092411+00:00
2022-05-14T22:02:02.833624Z,8278325,0.00131000,102.00000000,buy,2022-05-14 22:02:02.833624+00:00
2022-05-14T22:01:34.877841Z,8278324,0.00132000,37685.00000000,sell,2022-05-14 22:01:34.877841+00:00
2022-05-14T22:01:03.35861Z,8278323,0.00132000,2728.00000000,sell,2022-05-14 22:01:03.358610+00:00
2022-05-14T22:00:58.153915Z,8278322,0.00131000,6111.00000000,buy,2022-05-14 22:00:58.153915+00:00
2022-05-14T22:00:56.599688Z,8278321,0.00132000,457363.00000000,sell,2022-05-14 22:00:56.599688+00:00
2022-05-14T22:00:54.699563Z,8278320,0.00132000,1515.00000000,sell,2022-05-14 22:00:54.699563+00:00
2022-05-14T22:00:51.456265Z,8278319,0.00131000,1237.00000000,buy,2022-05-14 22:00:51.456265+00:00
2022-05-14T22:00:48.528157Z,8278318,0.00131000,3015.00000000,buy,2022-05-14 22:00:48.528157+00:00
2022-05-14T21:59:59.622954Z,8278317,0.00131000,39600.00000000,sell,2022-05-14 21:59:59.622954+00:00
2022-05-14T21:59:59.591409Z,8278316,0.00130000,63870.00000000,buy,2022-05-14 21:59:59.591409+00:00
2022-05-14T21:59:59.591409Z,8278315,0.00131000,42623.00000000,buy,2022-05-14 21:59:59.591409+00:00
2022-05-14T21:59:59.591409Z,8278314,0.00131000,156.00000000,buy,2022-05-14 21:59:59.591409+00:00
2022-05-14T21:59:59.591409Z,8278313,0.00131000,838.00000000,buy,2022-05-14 21:59:59.591409+00:00
2022-05-14T21:59:59.591409Z,8278312,0.00131000,39600.00000000,buy,2022-05-14 21:59:59.591409+00:00
2022-05-14T21:59:59.591409Z,8278311,0.00131000,16051.00000000,buy,2022-05-14 21:59:59.591409+00:00
2022-05-14T21:59:43.874015Z,8278310,0.00132000,839.00000000,sell,2022-05-14 21:59:43.874015+00:00
2022-05-14T21:59:35.956333Z,8278309,0.00132000,1209.00000000,sell,2022-05-14 21:59:35.956333+00:00
2022-05-14T21:59:32.661775Z,8278308,0.00131000,1336.00000000,buy,2022-05-14 21:59:32.661775+00:00
2022-05-14T21:59:30.960226Z,8278307,0.00132000,36944.00000000,sell,2022-05-14 21:59:30.960226+00:00
2022-05-14T21:59:01.140894Z,8278306,0.00131000,84391.00000000,buy,2022-05-14 21:59:01.140894+00:00
2022-05-14T21:58:35.256407Z,8278305,0.00131000,6095.00000000,buy,2022-05-14 21:58:35.256407+00:00
2022-05-14T21:58:25.800212Z,8278304,0.00130000,1389381.00000000,buy,2022-05-14 21:58:25.800212+00:00
2022-05-14T21:58:25.800212Z,8278303,0.00130000,2283411.00000000,buy,2022-05-14 21:58:25.800212+00:00
2022-05-14T21:58:25.800212Z,8278302,0.00131000,69178.00000000,buy,2022-05-14 21:58:25.800212+00:00
2022-05-14T21:58:25.800212Z,8278301,0.00131000,42623.00000000,buy,2022-05-14 21:58:25.800212+00:00
2022-05-14T21:58:25.800212Z,8278300,0.00131000,200000.00000000,buy,2022-05-14 21:58:25.800212+00:00
2022-05-14T21:58:25.800212Z,8278299,0.00131000,39600.00000000,buy,2022-05-14 21:58:25.800212+00:00
2022-05-14T21:58:16.393677Z,8278298,0.00132000,73127.00000000,sell,2022-05-14 21:58:16.393677+00:00
2022-05-14T21:58:13.494256Z,8278297,0.00131000,3668.00000000,buy,2022-05-14 21:58:13.494256+00:00
2022-05-14T21:57:35.537658Z,8278296,0.00131000,20871.00000000,buy,2022-05-14 21:57:35.537658+00:00
2022-05-14T21:57:27.923646Z,8278295,0.00132000,79953.00000000,sell,2022-05-14 21:57:27.923646+00:00
2022-05-14T21:57:22.549178Z,8278294,0.00131000,609.00000000,buy,2022-05-14 21:57:22.549178+00:00
2022-05-14T21:57:17.345209Z,8278293,0.00130000,15559.00000000,buy,2022-05-14 21:57:17.345209+00:00
2022-05-14T21:57:17.345209Z,8278292,0.00131000,46547.00000000,buy,2022-05-14 21:57:17.345209+00:00
2022-05-14T21:57:17.345209Z,8278291,0.00131000,23274.00000000,buy,2022-05-14 21:57:17.345209+00:00
2022-05-14T21:57:17.345209Z,8278290,0.00131000,2281796.00000000,buy,2022-05-14 21:57:17.345209+00:00
2022-05-14T21:57:17.345209Z,8278289,0.00131000,39600.00000000,buy,2022-05-14 21:57:17.345209+00:00
2022-05-14T21:57:17.345209Z,8278288,0.00131000,150420.00000000,buy,2022-05-14 21:57:17.345209+00:00
2022-05-14T21:57:17.345209Z,8278287,0.00131000,42623.00000000,buy,2022-05-14 21:57:17.345209+00:00
2022-05-14T21:57:17.345209Z,8278286,0.00131000,16122.00000000,buy,2022-05-14 21:57:17.345209+00:00
2022-05-14T21:57:17.345209Z,8278285,0.00131000,1186340.00000000,buy,2022-05-14 21:57:17.345209+00:00
2022-05-14T21:57:14.346387Z,8278284,0.00132000,2374.00000000,sell,2022-05-14 21:57:14.346387+00:00
2022-05-14T21:56:57.685698Z,8278283,0.00131000,38360.00000000,buy,2022-05-14 21:56:57.685698+00:00
2022-05-14T21:56:54.788859Z,8278282,0.00132000,28013.00000000,sell,2022-05-14 21:56:54.788859+00:00
2022-05-14T21:56:20.815678Z,8278281,0.00132000,56405.00000000,sell,2022-05-14 21:56:20.815678+00:00
2022-05-14T21:55:53.063046Z,8278280,0.00132000,50000.00000000,sell,2022-05-14 21:55:53.063046+00:00
2022-05-14T21:55:42.537498Z,8278279,0.00132000,53042.00000000,sell,2022-05-14 21:55:42.537498+00:00
2022-05-14T21:55:25.043567Z,8278278,0.00132000,150.00000000,sell,2022-05-14 21:55:25.043567+00:00
2022-05-14T21:55:20.461893Z,8278277,0.00132000,323063.00000000,sell,2022-05-14 21:55:20.461893+00:00
2022-05-14T21:55:11.184058Z,8278276,0.00131000,103422.00000000,buy,2022-05-14 21:55:11.184058+00:00
2022-05-14T21:55:05.643187Z,8278275,0.00132000,73127.00000000,sell,2022-05-14 21:55:05.643187+00:00
2022-05-14T21:55:05.132753Z,8278274,0.00131000,76474.00000000,buy,2022-05-14 21:55:05.132753+00:00
2022-05-14T21:55:01.448242Z,8278273,0.00131000,24850.00000000,buy,2022-05-14 21:55:01.448242+00:00
2022-05-14T21:54:52.974008Z,8278272,0.00132000,36190.00000000,sell,2022-05-14 21:54:52.974008+00:00
2022-05-14T21:54:25.403097Z,8278271,0.00132000,6795.00000000,sell,2022-05-14 21:54:25.403097+00:00
2022-05-14T21:54:24.617227Z,8278270,0.00132000,2269.00000000,sell,2022-05-14 21:54:24.617227+00:00
2022-05-14T21:54:24.400249Z,8278269,0.00131000,51558.00000000,buy,2022-05-14 21:54:24.400249+00:00
2022-05-14T21:54:12.109831Z,8278268,0.00131000,2357.00000000,buy,2022-05-14 21:54:12.109831+00:00
2022-05-14T21:54:11.324354Z,8278267,0.00131000,17113.00000000,buy,2022-05-14 21:54:11.324354+00:00
2022-05-14T21:53:52.219359Z,8278266,0.00131000,587.00000000,buy,2022-05-14 21:53:52.219359+00:00
2022-05-14T21:53:49.795686Z,8278265,0.00132000,4523.00000000,sell,2022-05-14 21:53:49.795686+00:00
2022-05-14T21:53:41.178325Z,8278264,0.00132000,448.00000000,sell,2022-05-14 21:53:41.178325+00:00
2022-05-14T21:53:27.146035Z,8278263,0.00131000,1171.00000000,buy,2022-05-14 21:53:27.146035+00:00
2022-05-14T21:53:20.173115Z,8278262,0.00131000,31605.00000000,buy,2022-05-14 21:53:20.173115+00:00
2022-05-14T21:53:18.495086Z,8278261,0.00131000,1498.00000000,buy,2022-05-14 21:53:18.495086+00:00
2022-05-14T21:53:16.094088Z,8278260,0.00132000,162679.00000000,sell,2022-05-14 21:53:16.094088+00:00
2022-05-14T21:53:08.736796Z,8278259,0.00132000,17113.00000000,sell,2022-05-14 21:53:08.736796+00:00
2022-05-14T21:52:35.752553Z,8278258,0.00131000,17244.00000000,buy,2022-05-14 21:52:35.752553+00:00
2022-05-14T21:52:27.669751Z,8278257,0.00132000,23881.00000000,sell,2022-05-14 21:52:27.669751+00:00
2022-05-14T21:52:02.906998Z,8278256,0.00132000,2219.00000000,sell,2022-05-14 21:52:02.906998+00:00
2022-05-14T21:51:46.011947Z,8278255,0.00131000,7700.00000000,sell,2022-05-14 21:51:46.011947+00:00
2022-05-14T21:51:46.011947Z,8278254,0.00131000,36410.00000000,sell,2022-05-14 21:51:46.011947+00:00
2022-05-14T21:51:46.008491Z,8278253,0.00131000,34209.00000000,sell,2022-05-14 21:51:46.008491+00:00
2022-05-14T21:51:46.008491Z,8278252,0.00131000,172695.00000000,sell,2022-05-14 21:51:46.008491+00:00
2022-05-14T21:51:46.008491Z,8278251,0.00131000,127.00000000,sell,2022-05-14 21:51:46.008491+00:00
2022-05-14T21:51:45.25316Z,8278250,0.00131000,2876.00000000,sell,2022-05-14 21:51:45.253160+00:00
2022-05-14T21:51:45.25316Z,8278249,0.00131000,227124.00000000,sell,2022-05-14 21:51:45.253160+00:00
2022-05-14T21:51:45.241287Z,8278248,0.00131000,7272876.00000000,sell,2022-05-14 21:51:45.241287+00:00
2022-05-14T21:51:45.241287Z,8278247,0.00131000,39600.00000000,sell,2022-05-14 21:51:45.241287+00:00
2022-05-14T21:51:45.241287Z,8278246,0.00131000,56141.00000000,sell,2022-05-14 21:51:45.241287+00:00
2022-05-14T21:51:37.254658Z,8278245,0.00131000,17244.00000000,sell,2022-05-14 21:51:37.254658+00:00
2022-05-14T21:51:28.86662Z,8278244,0.00131000,14059.00000000,sell,2022-05-14 21:51:28.866620+00:00
2022-05-14T21:51:24.50498Z,8278243,0.00131000,50000.00000000,sell,2022-05-14 21:51:24.504980+00:00
2022-05-14T21:51:23.043331Z,8278242,0.00130000,8323.00000000,buy,2022-05-14 21:51:23.043331+00:00
2022-05-14T21:51:20.388956Z,8278241,0.00131000,3794.00000000,sell,2022-05-14 21:51:20.388956+00:00
2022-05-14T21:50:48.447826Z,8278240,0.00131000,1900000.00000000,buy,2022-05-14 21:50:48.447826+00:00
2022-05-14T21:50:45.079194Z,8278239,0.00132000,13955.00000000,sell,2022-05-14 21:50:45.079194+00:00
2022-05-14T21:50:42.974874Z,8278238,0.00131000,1558632.00000000,buy,2022-05-14 21:50:42.974874+00:00
2022-05-14T21:50:36.673767Z,8278237,0.00131000,49427.00000000,buy,2022-05-14 21:50:36.673767+00:00
2022-05-14T21:50:36.673767Z,8278236,0.00131000,42623.00000000,buy,2022-05-14 21:50:36.673767+00:00
2022-05-14T21:50:36.673767Z,8278235,0.00131000,39600.00000000,buy,2022-05-14 21:50:36.673767+00:00
2022-05-14T21:50:36.673767Z,8278234,0.00131000,124990.00000000,buy,2022-05-14 21:50:36.673767+00:00
2022-05-14T21:50:36.673767Z,8278233,0.00131000,179739.00000000,buy,2022-05-14 21:50:36.673767+00:00
2022-05-14T21:50:24.709892Z,8278232,0.00132000,14765.00000000,sell,2022-05-14 21:50:24.709892+00:00
2022-05-14T21:50:20.556504Z,8278231,0.00132000,44786.00000000,sell,2022-05-14 21:50:20.556504+00:00
2022-05-14T21:50:15.596242Z,8278230,0.00132000,50000.00000000,sell,2022-05-14 21:50:15.596242+00:00
2022-05-14T21:49:48.220655Z,8278229,0.00132000,6038.00000000,sell,2022-05-14 21:49:48.220655+00:00
2022-05-14T21:49:41.47537Z,8278228,0.00131000,19338.00000000,buy,2022-05-14 21:49:41.475370+00:00
2022-05-14T21:49:36.269754Z,8278227,0.00132000,594.00000000,sell,2022-05-14 21:49:36.269754+00:00
2022-05-14T21:49:16.595436Z,8278226,0.00131000,5603.00000000,buy,2022-05-14 21:49:16.595436+00:00
2022-05-14T21:49:16.364916Z,8278225,0.00131000,11494.00000000,buy,2022-05-14 21:49:16.364916+00:00
2022-05-14T21:48:24.179827Z,8278224,0.00131000,7312.00000000,buy,2022-05-14 21:48:24.179827+00:00
2022-05-14T21:48:23.113046Z,8278223,0.00132000,386.00000000,sell,2022-05-14 21:48:23.113046+00:00
2022-05-14T21:48:20.799915Z,8278222,0.00132000,61.00000000,sell,2022-05-14 21:48:20.799915+00:00
2022-05-14T21:48:12.141966Z,8278221,0.00132000,1908.00000000,sell,2022-05-14 21:48:12.141966+00:00
2022-05-14T21:48:12.141966Z,8278220,0.00132000,1001.00000000,sell,2022-05-14 21:48:12.141966+00:00
2022-05-14T21:48:12.141966Z,8278219,0.00132000,1000.00000000,sell,2022-05-14 21:48:12.141966+00:00
2022-05-14T21:48:01.311138Z,8278218,0.00131000,32421.00000000,sell,2022-05-14 21:48:01.311138+00:00
2022-05-14T21:48:01.311138Z,8278217,0.00131000,181604.00000000,sell,2022-05-14 21:48:01.311138+00:00
2022-05-14T21:47:48.017192Z,8278216,0.00130000,15018.00000000,buy,2022-05-14 21:47:48.017192+00:00
2022-05-14T21:47:29.532708Z,8278215,0.00131000,7588.00000000,sell,2022-05-14 21:47:29.532708+00:00
2022-05-14T21:47:28.599942Z,8278214,0.00131000,6844.00000000,sell,2022-05-14 21:47:28.599942+00:00
2022-05-14T21:47:21.735095Z,8278213,0.00131000,20000.00000000,sell,2022-05-14 21:47:21.735095+00:00
2022-05-14T21:47:10.775412Z,8278212,0.00131000,374999.00000000,sell,2022-05-14 21:47:10.775412+00:00
2022-05-14T21:47:06.267177Z,8278211,0.00131000,6084.00000000,sell,2022-05-14 21:47:06.267177+00:00
2022-05-14T21:46:56.893372Z,8278210,0.00131000,7126.00000000,sell,2022-05-14 21:46:56.893372+00:00
2022-05-14T21:46:51.979599Z,8278209,0.00131000,7596.00000000,sell,2022-05-14 21:46:51.979599+00:00
2022-05-14T21:46:34.370846Z,8278208,0.00130000,30700.00000000,buy,2022-05-14 21:46:34.370846+00:00
2022-05-14T21:46:32.466791Z,8278207,0.00130000,4989.00000000,buy,2022-05-14 21:46:32.466791+00:00
2022-05-14T21:46:21.015115Z,8278206,0.00131000,156065.00000000,sell,2022-05-14 21:46:21.015115+00:00
2022-05-14T21:46:21.015115Z,8278205,0.00131000,1001.00000000,sell,2022-05-14 21:46:21.015115+00:00
2022-05-14T21:46:21.015115Z,8278204,0.00131000,1000.00000000,sell,2022-05-14 21:46:21.015115+00:00
2022-05-14T21:46:21.015115Z,8278203,0.00131000,6049.00000000,sell,2022-05-14 21:46:21.015115+00:00
2022-05-14T21:46:21.015115Z,8278202,0.00131000,231.00000000,sell,2022-05-14 21:46:21.015115+00:00
2022-05-14T21:46:17.734637Z,8278201,0.00130000,5137.00000000,buy,2022-05-14 21:46:17.734637+00:00
2022-05-14T21:45:56.242124Z,8278200,0.00130000,2640.00000000,buy,2022-05-14 21:45:56.242124+00:00
2022-05-14T21:45:51.156072Z,8278199,0.00130000,181.00000000,buy,2022-05-14 21:45:51.156072+00:00
2022-05-14T21:45:07.543103Z,8278198,0.00130000,20702.00000000,buy,2022-05-14 21:45:07.543103+00:00
2022-05-14T21:45:03.050696Z,8278197,0.00130000,58989.00000000,sell,2022-05-14 21:45:03.050696+00:00
2022-05-14T21:45:02.356255Z,8278196,0.00129000,17648.00000000,buy,2022-05-14 21:45:02.356255+00:00
2022-05-14T21:44:52.532775Z,8278195,0.00130000,3764.00000000,sell,2022-05-14 21:44:52.532775+00:00
2022-05-14T21:44:51.329061Z,8278194,0.00130000,120909.00000000,sell,2022-05-14 21:44:51.329061+00:00
2022-05-14T21:44:51.307662Z,8278193,0.00130000,6049.00000000,sell,2022-05-14 21:44:51.307662+00:00
2022-05-14T21:44:51.307662Z,8278192,0.00130000,34.00000000,sell,2022-05-14 21:44:51.307662+00:00
2022-05-14T21:44:51.307662Z,8278191,0.00130000,1029.00000000,sell,2022-05-14 21:44:51.307662+00:00
2022-05-14T21:44:49.7763Z,8278190,0.00129000,206068.00000000,buy,2022-05-14 21:44:49.776300+00:00
2022-05-14T21:44:49.7763Z,8278189,0.00129000,145662.00000000,buy,2022-05-14 21:44:49.776300+00:00
2022-05-14T21:43:33.082924Z,8278188,0.00129000,10.00000000,buy,2022-05-14 21:43:33.082924+00:00
2022-05-14T21:43:29.36392Z,8278187,0.00129000,82182.00000000,buy,2022-05-14 21:43:29.363920+00:00
2022-05-14T21:43:29.36392Z,8278186,0.00129000,60000.00000000,buy,2022-05-14 21:43:29.363920+00:00
2022-05-14T21:43:29.36392Z,8278185,0.00129000,6095.00000000,buy,2022-05-14 21:43:29.363920+00:00
2022-05-14T21:43:29.36392Z,8278184,0.00129000,113927.00000000,buy,2022-05-14 21:43:29.363920+00:00
2022-05-14T21:43:29.36392Z,8278183,0.00129000,28482.00000000,buy,2022-05-14 21:43:29.363920+00:00
2022-05-14T21:43:29.36392Z,8278182,0.00129000,56963.00000000,buy,2022-05-14 21:43:29.363920+00:00
2022-05-14T21:43:29.36392Z,8278181,0.00129000,31.00000000,buy,2022-05-14 21:43:29.363920+00:00
2022-05-14T21:43:29.36392Z,8278180,0.00129000,39600.00000000,buy,2022-05-14 21:43:29.363920+00:00
2022-05-14T21:43:29.36392Z,8278179,0.00129000,42623.00000000,buy,2022-05-14 21:43:29.363920+00:00
2022-05-14T21:43:29.36392Z,8278178,0.00129000,168570.00000000,buy,2022-05-14 21:43:29.363920+00:00
2022-05-14T21:43:28.152776Z,8278177,0.00130000,192882.00000000,sell,2022-05-14 21:43:28.152776+00:00
2022-05-14T21:43:23.227467Z,8278176,0.00130000,4703.00000000,sell,2022-05-14 21:43:23.227467+00:00
2022-05-14T21:43:20.076713Z,8278175,0.00129000,152.00000000,buy,2022-05-14 21:43:20.076713+00:00
2022-05-14T21:43:15.960415Z,8278174,0.00129000,73930.00000000,buy,2022-05-14 21:43:15.960415+00:00
2022-05-14T21:43:12.669476Z,8278173,0.00130000,180.00000000,sell,2022-05-14 21:43:12.669476+00:00
2022-05-14T21:43:08.422633Z,8278172,0.00130000,8424.00000000,sell,2022-05-14 21:43:08.422633+00:00
2022-05-14T21:43:08.422633Z,8278171,0.00130000,65828.00000000,sell,2022-05-14 21:43:08.422633+00:00
2022-05-14T21:43:03.834295Z,8278170,0.00130000,199057.00000000,sell,2022-05-14 21:43:03.834295+00:00
2022-05-14T21:43:03.834295Z,8278169,0.00130000,426231.00000000,sell,2022-05-14 21:43:03.834295+00:00
2022-05-14T21:43:03.834295Z,8278168,0.00130000,427539.00000000,sell,2022-05-14 21:43:03.834295+00:00
2022-05-14T21:43:03.834295Z,8278167,0.00130000,42623.00000000,sell,2022-05-14 21:43:03.834295+00:00
2022-05-14T21:43:03.834295Z,8278166,0.00130000,65827.00000000,sell,2022-05-14 21:43:03.834295+00:00
2022-05-14T21:43:03.834295Z,8278165,0.00130000,243431.00000000,sell,2022-05-14 21:43:03.834295+00:00
2022-05-14T21:43:03.834295Z,8278164,0.00130000,135092.00000000,sell,2022-05-14 21:43:03.834295+00:00
2022-05-14T21:43:03.834295Z,8278163,0.00130000,67546.00000000,sell,2022-05-14 21:43:03.834295+00:00
2022-05-14T21:43:03.834295Z,8278162,0.00130000,346193.00000000,sell,2022-05-14 21:43:03.834295+00:00
2022-05-14T21:43:03.834295Z,8278161,0.00130000,2318706.00000000,sell,2022-05-14 21:43:03.834295+00:00
2022-05-14T21:43:03.834295Z,8278160,0.00130000,33773.00000000,sell,2022-05-14 21:43:03.834295+00:00
2022-05-14T21:43:03.834295Z,8278159,0.00130000,16886.00000000,sell,2022-05-14 21:43:03.834295+00:00
2022-05-14T21:43:03.834295Z,8278158,0.00130000,292046.00000000,sell,2022-05-14 21:43:03.834295+00:00
2022-05-14T21:43:03.834295Z,8278157,0.00130000,2271018.00000000,sell,2022-05-14 21:43:03.834295+00:00
2022-05-14T21:42:58.551966Z,8278156,0.00130000,598801.00000000,sell,2022-05-14 21:42:58.551966+00:00
2022-05-14T21:42:58.551966Z,8278155,0.00130000,42623.00000000,sell,2022-05-14 21:42:58.551966+00:00
2022-05-14T21:42:58.551966Z,8278154,0.00130000,100317.00000000,sell,2022-05-14 21:42:58.551966+00:00
2022-05-14T21:42:50.173137Z,8278153,0.00130000,803.00000000,sell,2022-05-14 21:42:50.173137+00:00
2022-05-14T21:42:47.250362Z,8278152,0.00130000,30535.00000000,sell,2022-05-14 21:42:47.250362+00:00
2022-05-14T21:42:46.541126Z,8278151,0.00130000,35778.00000000,sell,2022-05-14 21:42:46.541126+00:00
2022-05-14T21:42:46.521133Z,8278150,0.00130000,6845.00000000,sell,2022-05-14 21:42:46.521133+00:00
2022-05-14T21:42:46.521133Z,8278149,0.00130000,167265.00000000,sell,2022-05-14 21:42:46.521133+00:00
2022-05-14T21:42:46.427245Z,8278148,0.00130000,126367.00000000,buy,2022-05-14 21:42:46.427245+00:00
2022-05-14T21:42:46.423999Z,8278147,0.00130000,12583.00000000,buy,2022-05-14 21:42:46.423999+00:00
2022-05-14T21:42:46.423999Z,8278146,0.00130000,115082.00000000,buy,2022-05-14 21:42:46.423999+00:00
2022-05-14T21:42:46.406711Z,8278145,0.00130000,127570.00000000,buy,2022-05-14 21:42:46.406711+00:00
2022-05-14T21:42:46.406356Z,8278144,0.00130000,127570.00000000,buy,2022-05-14 21:42:46.406356+00:00
2022-05-14T21:42:46.366721Z,8278143,0.00130000,34817.00000000,sell,2022-05-14 21:42:46.366721+00:00
2022-05-14T21:42:46.366721Z,8278142,0.00130000,17409.00000000,sell,2022-05-14 21:42:46.366721+00:00
2022-05-14T21:42:46.366721Z,8278141,0.00130000,42623.00000000,sell,2022-05-14 21:42:46.366721+00:00
2022-05-14T21:42:46.366721Z,8278140,0.00130000,45.00000000,sell,2022-05-14 21:42:46.366721+00:00
2022-05-14T21:42:46.366721Z,8278139,0.00130000,1001.00000000,sell,2022-05-14 21:42:46.366721+00:00
2022-05-14T21:42:46.366721Z,8278138,0.00130000,1000.00000000,sell,2022-05-14 21:42:46.366721+00:00
2022-05-14T21:42:46.366721Z,8278137,0.00130000,68866.00000000,sell,2022-05-14 21:42:46.366721+00:00
2022-05-14T21:42:46.366721Z,8278136,0.00130000,241.00000000,sell,2022-05-14 21:42:46.366721+00:00
2022-05-14T21:42:46.366721Z,8278135,0.00130000,7633.00000000,sell,2022-05-14 21:42:46.366721+00:00
2022-05-14T21:42:46.366721Z,8278134,0.00130000,6049.00000000,sell,2022-05-14 21:42:46.366721+00:00
2022-05-14T21:42:46.320844Z,8278133,0.00129000,2160.00000000,buy,2022-05-14 21:42:46.320844+00:00
2022-05-14T21:42:41.142238Z,8278132,0.00129000,174507.00000000,buy,2022-05-14 21:42:41.142238+00:00
2022-05-14T21:42:41.125753Z,8278131,0.00129000,104860.00000000,buy,2022-05-14 21:42:41.125753+00:00
2022-05-14T21:42:41.125588Z,8278130,0.00129000,188317.00000000,buy,2022-05-14 21:42:41.125588+00:00
2022-05-14T21:42:41.07766Z,8278129,0.00129000,113158.00000000,buy,2022-05-14 21:42:41.077660+00:00
2022-05-14T21:42:41.057011Z,8278128,0.00129000,122113.00000000,buy,2022-05-14 21:42:41.057011+00:00
2022-05-14T21:42:41.056946Z,8278127,0.00129000,203219.00000000,buy,2022-05-14 21:42:41.056946+00:00
2022-05-14T21:42:40.997624Z,8278126,0.00129000,131776.00000000,buy,2022-05-14 21:42:40.997624+00:00
2022-05-14T21:42:40.997611Z,8278125,0.00129000,219301.00000000,buy,2022-05-14 21:42:40.997611+00:00
2022-05-14T21:42:40.980982Z,8278124,0.00129000,74893.00000000,sell,2022-05-14 21:42:40.980982+00:00
2022-05-14T21:42:40.980982Z,8278123,0.00129000,36801.00000000,sell,2022-05-14 21:42:40.980982+00:00
2022-05-14T21:42:40.980982Z,8278122,0.00129000,18723.00000000,sell,2022-05-14 21:42:40.980982+00:00
2022-05-14T21:42:40.980982Z,8278121,0.00129000,37825.00000000,sell,2022-05-14 21:42:40.980982+00:00
2022-05-14T21:42:40.980982Z,8278120,0.00129000,42623.00000000,sell,2022-05-14 21:42:40.980982+00:00
2022-05-14T21:42:40.980982Z,8278119,0.00129000,2248872.00000000,sell,2022-05-14 21:42:40.980982+00:00
2022-05-14T21:42:07.682932Z,8278118,0.00129000,14277.00000000,sell,2022-05-14 21:42:07.682932+00:00
2022-05-14T21:41:57.766866Z,8278117,0.00128000,154.00000000,buy,2022-05-14 21:41:57.766866+00:00
2022-05-14T21:41:57.363378Z,8278116,0.00129000,71088.00000000,sell,2022-05-14 21:41:57.363378+00:00
2022-05-14T21:41:57.363378Z,8278115,0.00129000,18912.00000000,sell,2022-05-14 21:41:57.363378+00:00
2022-05-14T21:41:42.644892Z,8278114,0.00129000,100.00000000,sell,2022-05-14 21:41:42.644892+00:00
2022-05-14T21:41:32.57966Z,8278113,0.00128000,18824.00000000,buy,2022-05-14 21:41:32.579660+00:00
2022-05-14T21:41:16.711297Z,8278112,0.00129000,32287.00000000,sell,2022-05-14 21:41:16.711297+00:00
2022-05-14T21:41:13.145041Z,8278111,0.00129000,1900000.00000000,sell,2022-05-14 21:41:13.145041+00:00
2022-05-14T21:41:12.62979Z,8278110,0.00129000,911968.00000000,sell,2022-05-14 21:41:12.629790+00:00
2022-05-14T21:41:12.62979Z,8278109,0.00129000,988032.00000000,sell,2022-05-14 21:41:12.629790+00:00
2022-05-14T21:41:12.128544Z,8278108,0.00129000,1346672.00000000,sell,2022-05-14 21:41:12.128544+00:00
2022-05-14T21:41:12.128544Z,8278107,0.00129000,42623.00000000,sell,2022-05-14 21:41:12.128544+00:00
2022-05-14T21:41:12.128544Z,8278106,0.00129000,39600.00000000,sell,2022-05-14 21:41:12.128544+00:00
2022-05-14T21:41:12.128544Z,8278105,0.00129000,53045.00000000,sell,2022-05-14 21:41:12.128544+00:00
2022-05-14T21:41:12.128544Z,8278104,0.00129000,38994.00000000,sell,2022-05-14 21:41:12.128544+00:00
2022-05-14T21:41:12.128544Z,8278103,0.00129000,19497.00000000,sell,2022-05-14 21:41:12.128544+00:00
2022-05-14T21:41:12.128544Z,8278102,0.00129000,174311.00000000,sell,2022-05-14 21:41:12.128544+00:00
2022-05-14T21:41:12.128544Z,8278101,0.00129000,185258.00000000,sell,2022-05-14 21:41:12.128544+00:00
2022-05-14T21:41:10.086261Z,8278100,0.00129000,633260.00000000,sell,2022-05-14 21:41:10.086261+00:00
2022-05-14T21:41:10.086261Z,8278099,0.00129000,427539.00000000,sell,2022-05-14 21:41:10.086261+00:00
2022-05-14T21:41:10.086261Z,8278098,0.00129000,839201.00000000,sell,2022-05-14 21:41:10.086261+00:00
2022-05-14T21:41:08.276031Z,8278097,0.00129000,1495968.00000000,sell,2022-05-14 21:41:08.276031+00:00
2022-05-14T21:41:08.276031Z,8278096,0.00129000,42623.00000000,sell,2022-05-14 21:41:08.276031+00:00
2022-05-14T21:41:08.276031Z,8278095,0.00129000,106090.00000000,sell,2022-05-14 21:41:08.276031+00:00
2022-05-14T21:41:08.276031Z,8278094,0.00129000,39600.00000000,sell,2022-05-14 21:41:08.276031+00:00
2022-05-14T21:41:08.276031Z,8278093,0.00129000,215719.00000000,sell,2022-05-14 21:41:08.276031+00:00
2022-05-14T21:40:51.724617Z,8278092,0.00129000,198287.00000000,sell,2022-05-14 21:40:51.724617+00:00
2022-05-14T21:40:51.707918Z,8278091,0.00129000,147447.00000000,sell,2022-05-14 21:40:51.707918+00:00
2022-05-14T21:40:51.707562Z,8278090,0.00129000,24060.00000000,sell,2022-05-14 21:40:51.707562+00:00
2022-05-14T21:40:51.690856Z,8278089,0.00129000,48120.00000000,sell,2022-05-14 21:40:51.690856+00:00
2022-05-14T21:40:51.662068Z,8278088,0.00129000,213979.00000000,sell,2022-05-14 21:40:51.662068+00:00
2022-05-14T21:40:51.649993Z,8278087,0.00129000,159116.00000000,sell,2022-05-14 21:40:51.649993+00:00
2022-05-14T21:40:51.593901Z,8278086,0.00129000,172488.00000000,sell,2022-05-14 21:40:51.593901+00:00
2022-05-14T21:40:51.577835Z,8278085,0.00129000,186139.00000000,sell,2022-05-14 21:40:51.577835+00:00
2022-05-14T21:40:51.498885Z,8278084,0.00129000,24303.00000000,sell,2022-05-14 21:40:51.498885+00:00
2022-05-14T21:40:51.093067Z,8278083,0.00129000,24548.00000000,sell,2022-05-14 21:40:51.093067+00:00
2022-05-14T21:40:51.064602Z,8278082,0.00129000,25313.00000000,sell,2022-05-14 21:40:51.064602+00:00
2022-05-14T21:40:51.051946Z,8278081,0.00129000,51148.00000000,sell,2022-05-14 21:40:51.051946+00:00
2022-05-14T21:40:51.035469Z,8278080,0.00129000,26096.00000000,sell,2022-05-14 21:40:51.035469+00:00
2022-05-14T21:40:51.022565Z,8278079,0.00129000,46143.00000000,sell,2022-05-14 21:40:51.022565+00:00
2022-05-14T21:40:51.022565Z,8278078,0.00129000,6049.00000000,sell,2022-05-14 21:40:51.022565+00:00
2022-05-14T21:40:50.693088Z,8278077,0.00128000,39600.00000000,sell,2022-05-14 21:40:50.693088+00:00
2022-05-14T21:40:50.693088Z,8278076,0.00128000,158922.00000000,sell,2022-05-14 21:40:50.693088+00:00
2022-05-14T21:40:50.681415Z,8278075,0.00128000,53257.00000000,sell,2022-05-14 21:40:50.681415+00:00
2022-05-14T21:40:50.596267Z,8278074,0.00128000,374999.00000000,sell,2022-05-14 21:40:50.596267+00:00
2022-05-14T21:40:50.591687Z,8278073,0.00128000,489509.00000000,sell,2022-05-14 21:40:50.591687+00:00
2022-05-14T21:40:39.290508Z,8278072,0.00127000,457.00000000,buy,2022-05-14 21:40:39.290508+00:00
2022-05-14T21:40:22.666663Z,8278071,0.00127000,50000.00000000,buy,2022-05-14 21:40:22.666663+00:00
2022-05-14T21:40:05.067451Z,8278070,0.00128000,3117.00000000,sell,2022-05-14 21:40:05.067451+00:00
2022-05-14T21:40:03.536438Z,8278069,0.00127000,18732.00000000,buy,2022-05-14 21:40:03.536438+00:00
2022-05-14T21:39:42.539631Z,8278068,0.00128000,4663.00000000,sell,2022-05-14 21:39:42.539631+00:00
2022-05-14T21:39:37.378891Z,8278067,0.00128000,7008.00000000,sell,2022-05-14 21:39:37.378891+00:00
2022-05-14T21:39:34.028436Z,8278066,0.00127000,4799.00000000,buy,2022-05-14 21:39:34.028436+00:00
2022-05-14T21:39:31.853Z,8278065,0.00128000,399156.00000000,sell,2022-05-14 21:39:31.853000+00:00
2022-05-14T21:39:31.853Z,8278064,0.00128000,427539.00000000,sell,2022-05-14 21:39:31.853000+00:00
2022-05-14T21:39:31.853Z,8278063,0.00128000,50280.00000000,sell,2022-05-14 21:39:31.853000+00:00
2022-05-14T21:39:31.837099Z,8278062,0.00128000,81603.00000000,buy,2022-05-14 21:39:31.837099+00:00
2022-05-14T21:39:31.837099Z,8278061,0.00128000,2989368.00000000,buy,2022-05-14 21:39:31.837099+00:00
2022-05-14T21:39:31.833306Z,8278060,0.00128000,131883.00000000,buy,2022-05-14 21:39:31.833306+00:00
2022-05-14T21:39:31.817201Z,8278059,0.00128000,69352.00000000,sell,2022-05-14 21:39:31.817201+00:00
2022-05-14T21:39:31.817201Z,8278058,0.00128000,42623.00000000,sell,2022-05-14 21:39:31.817201+00:00
2022-05-14T21:39:31.817201Z,8278057,0.00128000,175294.00000000,sell,2022-05-14 21:39:31.817201+00:00
2022-05-14T21:39:31.817201Z,8278056,0.00128000,2353713.00000000,sell,2022-05-14 21:39:31.817201+00:00
2022-05-14T21:39:31.817201Z,8278055,0.00128000,427539.00000000,sell,2022-05-14 21:39:31.817201+00:00
2022-05-14T21:39:31.817201Z,8278054,0.00128000,163207.00000000,sell,2022-05-14 21:39:31.817201+00:00
2022-05-14T21:39:31.817201Z,8278053,0.00128000,1005.00000000,sell,2022-05-14 21:39:31.817201+00:00
2022-05-14T21:39:31.817201Z,8278052,0.00128000,84490.00000000,sell,2022-05-14 21:39:31.817201+00:00
2022-05-14T21:39:31.817201Z,8278051,0.00128000,29262.00000000,sell,2022-05-14 21:39:31.817201+00:00
2022-05-14T21:39:31.817201Z,8278050,0.00128000,145330.00000000,sell,2022-05-14 21:39:31.817201+00:00
2022-05-14T21:39:31.817201Z,8278049,0.00128000,119990.00000000,sell,2022-05-14 21:39:31.817201+00:00
2022-05-14T21:39:31.817201Z,8278048,0.00128000,14511.00000000,sell,2022-05-14 21:39:31.817201+00:00
2022-05-14T21:39:31.817201Z,8278047,0.00128000,227304.00000000,sell,2022-05-14 21:39:31.817201+00:00
2022-05-14T21:39:31.817201Z,8278046,0.00128000,39600.00000000,sell,2022-05-14 21:39:31.817201+00:00
2022-05-14T21:39:31.817201Z,8278045,0.00128000,4591136.00000000,sell,2022-05-14 21:39:31.817201+00:00
2022-05-14T21:39:31.817201Z,8278044,0.00128000,2847535.00000000,sell,2022-05-14 21:39:31.817201+00:00
2022-05-14T21:39:20.682881Z,8278043,0.00127000,653.00000000,buy,2022-05-14 21:39:20.682881+00:00
2022-05-14T21:39:17.297007Z,8278042,0.00128000,74751.00000000,sell,2022-05-14 21:39:17.297007+00:00
2022-05-14T21:39:08.112723Z,8278041,0.00127000,547.00000000,buy,2022-05-14 21:39:08.112723+00:00
2022-05-14T21:38:53.636513Z,8278040,0.00128000,27000.00000000,sell,2022-05-14 21:38:53.636513+00:00
2022-05-14T21:38:50.495694Z,8278039,0.00127000,78435.00000000,buy,2022-05-14 21:38:50.495694+00:00
2022-05-14T21:38:44.547005Z,8278038,0.00128000,150241.00000000,sell,2022-05-14 21:38:44.547005+00:00
2022-05-14T21:38:29.802226Z,8278037,0.00128000,8947.00000000,sell,2022-05-14 21:38:29.802226+00:00
2022-05-14T21:38:29.223178Z,8278036,0.00127000,15686.00000000,buy,2022-05-14 21:38:29.223178+00:00
2022-05-14T21:38:24.201959Z,8278035,0.00127000,15686.00000000,buy,2022-05-14 21:38:24.201959+00:00
2022-05-14T21:38:01.293401Z,8278034,0.00128000,4341.00000000,sell,2022-05-14 21:38:01.293401+00:00
2022-05-14T21:38:00.647374Z,8278033,0.00128000,18276.00000000,sell,2022-05-14 21:38:00.647374+00:00
2022-05-14T21:37:56.670562Z,8278032,0.00128000,101691.00000000,sell,2022-05-14 21:37:56.670562+00:00
2022-05-14T21:37:56.670562Z,8278031,0.00128000,170444.00000000,sell,2022-05-14 21:37:56.670562+00:00
2022-05-14T21:37:56.670562Z,8278030,0.00128000,116933.00000000,sell,2022-05-14 21:37:56.670562+00:00
2022-05-14T21:37:46.742296Z,8278029,0.00128000,13000.00000000,sell,2022-05-14 21:37:46.742296+00:00
2022-05-14T21:37:46.24948Z,8278028,0.00127000,15278.00000000,buy,2022-05-14 21:37:46.249480+00:00
2022-05-14T21:37:30.66176Z,8278027,0.00127000,404734.00000000,buy,2022-05-14 21:37:30.661760+00:00
2022-05-14T21:37:29.189945Z,8278026,0.00127000,250.00000000,buy,2022-05-14 21:37:29.189945+00:00
2022-05-14T21:37:27.568299Z,8278025,0.00128000,27.00000000,sell,2022-05-14 21:37:27.568299+00:00
2022-05-14T21:37:23.197441Z,8278024,0.00128000,837.00000000,sell,2022-05-14 21:37:23.197441+00:00
2022-05-14T21:37:15.451146Z,8278023,0.00127000,925490.00000000,buy,2022-05-14 21:37:15.451146+00:00
2022-05-14T21:37:04.601923Z,8278022,0.00128000,7004.00000000,sell,2022-05-14 21:37:04.601923+00:00
2022-05-14T21:36:55.261211Z,8278021,0.00127000,329.00000000,buy,2022-05-14 21:36:55.261211+00:00
2022-05-14T21:36:50.194985Z,8278020,0.00128000,937.00000000,sell,2022-05-14 21:36:50.194985+00:00
2022-05-14T21:36:48.756614Z,8278019,0.00128000,10000.00000000,sell,2022-05-14 21:36:48.756614+00:00
2022-05-14T21:36:19.360021Z,8278018,0.00128000,7004.00000000,sell,2022-05-14 21:36:19.360021+00:00
2022-05-14T21:36:18.078338Z,8278017,0.00127000,30060.00000000,buy,2022-05-14 21:36:18.078338+00:00
2022-05-14T21:36:12.650282Z,8278016,0.00128000,528156.00000000,sell,2022-05-14 21:36:12.650282+00:00
2022-05-14T21:36:06.882908Z,8278015,0.00127000,27712.00000000,buy,2022-05-14 21:36:06.882908+00:00
2022-05-14T21:35:59.882109Z,8278014,0.00128000,7774.00000000,sell,2022-05-14 21:35:59.882109+00:00
2022-05-14T21:35:58.753835Z,8278013,0.00127000,8561.00000000,buy,2022-05-14 21:35:58.753835+00:00
2022-05-14T21:35:46.157286Z,8278012,0.00128000,571.00000000,sell,2022-05-14 21:35:46.157286+00:00
2022-05-14T21:35:45.848829Z,8278011,0.00127000,125117.00000000,buy,2022-05-14 21:35:45.848829+00:00
2022-05-14T21:35:39.853774Z,8278010,0.00128000,5428.00000000,sell,2022-05-14 21:35:39.853774+00:00
2022-05-14T21:34:47.589353Z,8278009,0.00128000,7774.00000000,sell,2022-05-14 21:34:47.589353+00:00
2022-05-14T21:34:46.260956Z,8278008,0.00127000,337135.00000000,buy,2022-05-14 21:34:46.260956+00:00
2022-05-14T21:34:46.260956Z,8278007,0.00127000,95179.00000000,buy,2022-05-14 21:34:46.260956+00:00
2022-05-14T21:34:46.260956Z,8278006,0.00127000,175547.00000000,buy,2022-05-14 21:34:46.260956+00:00
2022-05-14T21:34:17.116903Z,8278005,0.00127000,775.00000000,buy,2022-05-14 21:34:17.116903+00:00
2022-05-14T21:33:53.841231Z,8278004,0.00127000,3338.00000000,buy,2022-05-14 21:33:53.841231+00:00
2022-05-14T21:33:51.569315Z,8278003,0.00128000,37321.00000000,sell,2022-05-14 21:33:51.569315+00:00
2022-05-14T21:33:49.641856Z,8278002,0.00127000,999.00000000,buy,2022-05-14 21:33:49.641856+00:00
2022-05-14T21:33:28.382254Z,8278001,0.00127000,6844.00000000,buy,2022-05-14 21:33:28.382254+00:00
2022-05-14T21:32:30.864752Z,8278000,0.00127000,87.00000000,buy,2022-05-14 21:32:30.864752+00:00
2022-05-14T21:31:47.469759Z,8277999,0.00127000,1768.00000000,buy,2022-05-14 21:31:47.469759+00:00
2022-05-14T21:31:45.226625Z,8277998,0.00127000,1000.00000000,buy,2022-05-14 21:31:45.226625+00:00
2022-05-14T21:31:43.889302Z,8277997,0.00128000,74751.00000000,sell,2022-05-14 21:31:43.889302+00:00
2022-05-14T21:31:22.277185Z,8277996,0.00128000,1611.00000000,sell,2022-05-14 21:31:22.277185+00:00
2022-05-14T21:30:58.551909Z,8277995,0.00128000,1510656.00000000,sell,2022-05-14 21:30:58.551909+00:00
2022-05-14T21:30:48.969907Z,8277994,0.00128000,3117.00000000,sell,2022-05-14 21:30:48.969907+00:00
2022-05-14T21:30:32.591227Z,8277993,0.00128000,14389.00000000,sell,2022-05-14 21:30:32.591227+00:00
2022-05-14T21:30:31.102159Z,8277992,0.00128000,6322.00000000,sell,2022-05-14 21:30:31.102159+00:00
2022-05-14T21:30:30.897905Z,8277991,0.00128000,115140.00000000,buy,2022-05-14 21:30:30.897905+00:00
2022-05-14T21:30:29.388746Z,8277990,0.00128000,13844.00000000,sell,2022-05-14 21:30:29.388746+00:00
2022-05-14T21:30:29.369386Z,8277989,0.00128000,28779.00000000,sell,2022-05-14 21:30:29.369386+00:00
2022-05-14T21:30:29.118271Z,8277988,0.00128000,152323.00000000,sell,2022-05-14 21:30:29.118271+00:00
2022-05-14T21:30:29.118271Z,8277987,0.00128000,190404.00000000,sell,2022-05-14 21:30:29.118271+00:00
2022-05-14T21:30:29.118271Z,8277986,0.00128000,2400000.00000000,sell,2022-05-14 21:30:29.118271+00:00
2022-05-14T21:30:29.118271Z,8277985,0.00128000,426231.00000000,sell,2022-05-14 21:30:29.118271+00:00
2022-05-14T21:30:29.118271Z,8277984,0.00128000,42623.00000000,sell,2022-05-14 21:30:29.118271+00:00
2022-05-14T21:30:29.118271Z,8277983,0.00128000,6049.00000000,sell,2022-05-14 21:30:29.118271+00:00
2022-05-14T21:30:29.118271Z,8277982,0.00128000,35.00000000,sell,2022-05-14 21:30:29.118271+00:00
2022-05-14T21:30:29.118271Z,8277981,0.00128000,45020.00000000,sell,2022-05-14 21:30:29.118271+00:00
2022-05-14T21:30:29.118271Z,8277980,0.00128000,90039.00000000,sell,2022-05-14 21:30:29.118271+00:00
2022-05-14T21:30:29.118271Z,8277979,0.00128000,100.00000000,sell,2022-05-14 21:30:29.118271+00:00
2022-05-14T21:30:29.118271Z,8277978,0.00128000,103800.00000000,sell,2022-05-14 21:30:29.118271+00:00
2022-05-14T21:30:29.118271Z,8277977,0.00128000,134410.00000000,sell,2022-05-14 21:30:29.118271+00:00
2022-05-14T21:30:29.118271Z,8277976,0.00128000,20610.00000000,sell,2022-05-14 21:30:29.118271+00:00
2022-05-14T21:30:24.63584Z,8277975,0.00128000,515111.00000000,sell,2022-05-14 21:30:24.635840+00:00
2022-05-14T21:30:24.63584Z,8277974,0.00128000,207825.00000000,sell,2022-05-14 21:30:24.635840+00:00
2022-05-14T21:30:24.63584Z,8277973,0.00128000,40450.00000000,sell,2022-05-14 21:30:24.635840+00:00
2022-05-14T21:30:24.63584Z,8277972,0.00128000,139118.00000000,sell,2022-05-14 21:30:24.635840+00:00
2022-05-14T21:30:24.63584Z,8277971,0.00128000,2265120.00000000,sell,2022-05-14 21:30:24.635840+00:00
2022-05-14T21:30:08.60176Z,8277970,0.00127000,222464.00000000,buy,2022-05-14 21:30:08.601760+00:00
2022-05-14T21:30:08.60176Z,8277969,0.00127000,55697.00000000,buy,2022-05-14 21:30:08.601760+00:00
2022-05-14T21:29:32.412567Z,8277968,0.00128000,439.00000000,sell,2022-05-14 21:29:32.412567+00:00
2022-05-14T21:29:23.631839Z,8277967,0.00127000,631.00000000,buy,2022-05-14 21:29:23.631839+00:00
2022-05-14T21:29:21.123719Z,8277966,0.00128000,17648.00000000,sell,2022-05-14 21:29:21.123719+00:00
2022-05-14T21:29:08.099968Z,8277965,0.00127000,361098.00000000,buy,2022-05-14 21:29:08.099968+00:00
2022-05-14T21:29:08.099968Z,8277964,0.00127000,6096.00000000,buy,2022-05-14 21:29:08.099968+00:00
2022-05-14T21:28:27.777703Z,8277963,0.00128000,14389.00000000,sell,2022-05-14 21:28:27.777703+00:00
2022-05-14T21:28:21.378916Z,8277962,0.00127000,13026.00000000,buy,2022-05-14 21:28:21.378916+00:00
2022-05-14T21:28:03.600753Z,8277961,0.00126000,607.00000000,buy,2022-05-14 21:28:03.600753+00:00
2022-05-14T21:28:03.600753Z,8277960,0.00127000,32.00000000,buy,2022-05-14 21:28:03.600753+00:00
2022-05-14T21:27:48.092788Z,8277959,0.00128000,56377.00000000,sell,2022-05-14 21:27:48.092788+00:00
2022-05-14T21:27:48.092788Z,8277958,0.00128000,8100.00000000,sell,2022-05-14 21:27:48.092788+00:00
2022-05-14T21:27:48.092788Z,8277957,0.00128000,64651.00000000,sell,2022-05-14 21:27:48.092788+00:00
2022-05-14T21:27:48.092788Z,8277956,0.00128000,24020.00000000,sell,2022-05-14 21:27:48.092788+00:00
2022-05-14T21:27:42.714151Z,8277955,0.00128000,8305.00000000,sell,2022-05-14 21:27:42.714151+00:00
2022-05-14T21:27:42.714151Z,8277954,0.00128000,6049.00000000,sell,2022-05-14 21:27:42.714151+00:00
2022-05-14T21:27:42.714151Z,8277953,0.00128000,35.00000000,sell,2022-05-14 21:27:42.714151+00:00
2022-05-14T21:27:39.828634Z,8277952,0.00126000,707255.00000000,buy,2022-05-14 21:27:39.828634+00:00
2022-05-14T21:27:39.828634Z,8277951,0.00127000,33921.00000000,buy,2022-05-14 21:27:39.828634+00:00
2022-05-14T21:27:36.617821Z,8277950,0.00127000,977.00000000,buy,2022-05-14 21:27:36.617821+00:00
2022-05-14T21:27:33.825396Z,8277949,0.00127000,6049.00000000,buy,2022-05-14 21:27:33.825396+00:00
2022-05-14T21:27:27.160004Z,8277948,0.00127000,1569.00000000,buy,2022-05-14 21:27:27.160004+00:00
2022-05-14T21:27:26.861623Z,8277947,0.00128000,17648.00000000,sell,2022-05-14 21:27:26.861623+00:00
2022-05-14T21:27:19.988979Z,8277946,0.00127000,107.00000000,buy,2022-05-14 21:27:19.988979+00:00
2022-05-14T21:27:02.068583Z,8277945,0.00127000,187377.00000000,buy,2022-05-14 21:27:02.068583+00:00
2022-05-14T21:27:02.068583Z,8277944,0.00127000,42623.00000000,buy,2022-05-14 21:27:02.068583+00:00
2022-05-14T21:27:01.066609Z,8277943,0.00127000,42623.00000000,buy,2022-05-14 21:27:01.066609+00:00
2022-05-14T21:27:01.031392Z,8277942,0.00127000,187377.00000000,buy,2022-05-14 21:27:01.031392+00:00
2022-05-14T21:27:01.031392Z,8277941,0.00127000,42623.00000000,buy,2022-05-14 21:27:01.031392+00:00
2022-05-14T21:27:01.003246Z,8277940,0.00127000,210046.00000000,buy,2022-05-14 21:27:01.003246+00:00
2022-05-14T21:27:01.003246Z,8277939,0.00127000,19954.00000000,buy,2022-05-14 21:27:01.003246+00:00
2022-05-14T21:27:00.986463Z,8277938,0.00127000,42623.00000000,buy,2022-05-14 21:27:00.986463+00:00
2022-05-14T21:27:00.986463Z,8277937,0.00127000,39908.00000000,buy,2022-05-14 21:27:00.986463+00:00
2022-05-14T21:27:00.951467Z,8277936,0.00126000,1672392.00000000,buy,2022-05-14 21:27:00.951467+00:00
2022-05-14T21:27:00.951467Z,8277935,0.00126000,1900000.00000000,buy,2022-05-14 21:27:00.951467+00:00
2022-05-14T21:27:00.951467Z,8277934,0.00126000,100.00000000,buy,2022-05-14 21:27:00.951467+00:00
2022-05-14T21:27:00.951467Z,8277933,0.00126000,6097.00000000,buy,2022-05-14 21:27:00.951467+00:00
2022-05-14T21:27:00.951467Z,8277932,0.00126000,2114746.00000000,buy,2022-05-14 21:27:00.951467+00:00
2022-05-14T21:27:00.951467Z,8277931,0.00127000,56328.00000000,buy,2022-05-14 21:27:00.951467+00:00
2022-05-14T21:27:00.951467Z,8277930,0.00127000,20571.00000000,buy,2022-05-14 21:27:00.951467+00:00
2022-05-14T21:27:00.951467Z,8277929,0.00127000,41143.00000000,buy,2022-05-14 21:27:00.951467+00:00
2022-05-14T21:27:00.951467Z,8277928,0.00127000,2948900.00000000,buy,2022-05-14 21:27:00.951467+00:00
2022-05-14T21:27:00.951467Z,8277927,0.00127000,42623.00000000,buy,2022-05-14 21:27:00.951467+00:00
2022-05-14T21:27:00.951467Z,8277926,0.00127000,2123503.00000000,buy,2022-05-14 21:27:00.951467+00:00
2022-05-14T21:26:26.481858Z,8277925,0.00127000,230000.00000000,buy,2022-05-14 21:26:26.481858+00:00
2022-05-14T21:26:26.449114Z,8277924,0.00126000,241087.00000000,buy,2022-05-14 21:26:26.449114+00:00
2022-05-14T21:26:26.449114Z,8277923,0.00126000,178006.00000000,buy,2022-05-14 21:26:26.449114+00:00
2022-05-14T21:26:26.449114Z,8277922,0.00126000,243183.00000000,buy,2022-05-14 21:26:26.449114+00:00
2022-05-14T21:26:26.449114Z,8277921,0.00126000,168179.00000000,buy,2022-05-14 21:26:26.449114+00:00
2022-05-14T21:26:26.449114Z,8277920,0.00127000,106830.00000000,buy,2022-05-14 21:26:26.449114+00:00
2022-05-14T21:26:26.449114Z,8277919,0.00127000,39600.00000000,buy,2022-05-14 21:26:26.449114+00:00
2022-05-14T21:26:26.449114Z,8277918,0.00127000,70163.00000000,buy,2022-05-14 21:26:26.449114+00:00
2022-05-14T21:26:26.449114Z,8277917,0.00127000,2353008.00000000,buy,2022-05-14 21:26:26.449114+00:00
2022-05-14T21:26:26.449114Z,8277916,0.00127000,42623.00000000,buy,2022-05-14 21:26:26.449114+00:00
2022-05-14T21:26:26.449114Z,8277915,0.00127000,22053.00000000,buy,2022-05-14 21:26:26.449114+00:00
2022-05-14T21:26:26.449114Z,8277914,0.00127000,44105.00000000,buy,2022-05-14 21:26:26.449114+00:00
2022-05-14T21:26:26.449114Z,8277913,0.00127000,115150.00000000,buy,2022-05-14 21:26:26.449114+00:00
2022-05-14T21:26:26.449114Z,8277912,0.00127000,2957163.00000000,buy,2022-05-14 21:26:26.449114+00:00
2022-05-14T21:26:26.449114Z,8277911,0.00127000,430890.00000000,buy,2022-05-14 21:26:26.449114+00:00
2022-05-14T21:26:26.449114Z,8277910,0.00127000,99178.00000000,buy,2022-05-14 21:26:26.449114+00:00
2022-05-14T21:26:26.449114Z,8277909,0.00127000,693355.00000000,buy,2022-05-14 21:26:26.449114+00:00
2022-05-14T21:26:24.713411Z,8277908,0.00128000,18276.00000000,sell,2022-05-14 21:26:24.713411+00:00
2022-05-14T21:26:17.967023Z,8277907,0.00128000,309.00000000,sell,2022-05-14 21:26:17.967023+00:00
2022-05-14T21:26:11.903714Z,8277906,0.00128000,54801.00000000,sell,2022-05-14 21:26:11.903714+00:00
2022-05-14T21:26:11.903714Z,8277905,0.00128000,17205.00000000,sell,2022-05-14 21:26:11.903714+00:00
2022-05-14T21:26:11.903714Z,8277904,0.00128000,112656.00000000,sell,2022-05-14 21:26:11.903714+00:00
2022-05-14T21:26:11.903714Z,8277903,0.00128000,39600.00000000,sell,2022-05-14 21:26:11.903714+00:00
2022-05-14T21:26:04.489107Z,8277902,0.00127000,2115577.00000000,buy,2022-05-14 21:26:04.489107+00:00
2022-05-14T21:26:04.489107Z,8277901,0.00127000,42623.00000000,buy,2022-05-14 21:26:04.489107+00:00
2022-05-14T21:26:04.489107Z,8277900,0.00127000,70163.00000000,buy,2022-05-14 21:26:04.489107+00:00
2022-05-14T21:26:04.489107Z,8277899,0.00127000,2353535.00000000,buy,2022-05-14 21:26:04.489107+00:00
2022-05-14T21:26:04.489107Z,8277898,0.00127000,69230.00000000,buy,2022-05-14 21:26:04.489107+00:00
2022-05-14T21:26:04.489107Z,8277897,0.00127000,2883084.00000000,buy,2022-05-14 21:26:04.489107+00:00
2022-05-14T21:26:04.489107Z,8277896,0.00127000,25905.00000000,buy,2022-05-14 21:26:04.489107+00:00
2022-05-14T21:26:04.489107Z,8277895,0.00127000,51811.00000000,buy,2022-05-14 21:26:04.489107+00:00
2022-05-14T21:26:04.489107Z,8277894,0.00127000,35280.00000000,buy,2022-05-14 21:26:04.489107+00:00
2022-05-14T21:26:04.489107Z,8277893,0.00127000,75000.00000000,buy,2022-05-14 21:26:04.489107+00:00
2022-05-14T21:26:04.489107Z,8277892,0.00127000,120929.00000000,buy,2022-05-14 21:26:04.489107+00:00
2022-05-14T21:25:33.687449Z,8277891,0.00128000,9658.00000000,sell,2022-05-14 21:25:33.687449+00:00
2022-05-14T21:25:05.087023Z,8277890,0.00127000,923.00000000,buy,2022-05-14 21:25:05.087023+00:00
2022-05-14T21:25:02.923401Z,8277889,0.00127000,10157.00000000,buy,2022-05-14 21:25:02.923401+00:00
2022-05-14T21:25:00.058234Z,8277888,0.00127000,49442.00000000,buy,2022-05-14 21:25:00.058234+00:00
2022-05-14T21:24:44.58009Z,8277887,0.00127000,15027.00000000,buy,2022-05-14 21:24:44.580090+00:00
2022-05-14T21:24:31.665874Z,8277886,0.00128000,19434.00000000,sell,2022-05-14 21:24:31.665874+00:00
2022-05-14T21:24:21.596209Z,8277885,0.00127000,8561.00000000,buy,2022-05-14 21:24:21.596209+00:00
2022-05-14T21:24:21.596209Z,8277884,0.00127000,56518.00000000,buy,2022-05-14 21:24:21.596209+00:00
2022-05-14T21:24:18.365552Z,8277883,0.00128000,14164.00000000,sell,2022-05-14 21:24:18.365552+00:00
2022-05-14T21:24:02.718451Z,8277882,0.00128000,10000.00000000,sell,2022-05-14 21:24:02.718451+00:00
2022-05-14T21:23:34.86206Z,8277881,0.00128000,580.00000000,sell,2022-05-14 21:23:34.862060+00:00
2022-05-14T21:23:19.489538Z,8277880,0.00127000,18718.00000000,buy,2022-05-14 21:23:19.489538+00:00
2022-05-14T21:23:08.303975Z,8277879,0.00128000,2000000.00000000,sell,2022-05-14 21:23:08.303975+00:00
2022-05-14T21:23:06.807689Z,8277878,0.00128000,7004.00000000,sell,2022-05-14 21:23:06.807689+00:00
2022-05-14T21:22:51.783322Z,8277877,0.00127000,4083.00000000,buy,2022-05-14 21:22:51.783322+00:00
2022-05-14T21:22:36.915288Z,8277876,0.00128000,1131.00000000,sell,2022-05-14 21:22:36.915288+00:00
2022-05-14T21:22:36.548506Z,8277875,0.00128000,114280.00000000,sell,2022-05-14 21:22:36.548506+00:00
2022-05-14T21:21:50.215997Z,8277874,0.00128000,84341.00000000,sell,2022-05-14 21:21:50.215997+00:00
2022-05-14T21:21:40.86131Z,8277873,0.00127000,23200.00000000,buy,2022-05-14 21:21:40.861310+00:00
2022-05-14T21:21:40.86131Z,8277872,0.00127000,135409.00000000,buy,2022-05-14 21:21:40.861310+00:00
2022-05-14T21:21:23.22655Z,8277871,0.00128000,7008.00000000,sell,2022-05-14 21:21:23.226550+00:00
2022-05-14T21:21:18.668012Z,8277870,0.00127000,4916.00000000,buy,2022-05-14 21:21:18.668012+00:00
2022-05-14T21:20:53.541105Z,8277869,0.00128000,7008.00000000,sell,2022-05-14 21:20:53.541105+00:00
2022-05-14T21:20:32.130762Z,8277868,0.00128000,588160.00000000,sell,2022-05-14 21:20:32.130762+00:00
2022-05-14T21:20:32.130762Z,8277867,0.00128000,189203.00000000,sell,2022-05-14 21:20:32.130762+00:00
2022-05-14T21:20:06.887243Z,8277866,0.00128000,103578.00000000,sell,2022-05-14 21:20:06.887243+00:00
2022-05-14T21:19:58.289654Z,8277865,0.00127000,2604.00000000,buy,2022-05-14 21:19:58.289654+00:00
2022-05-14T21:19:51.52519Z,8277864,0.00128000,77744.00000000,sell,2022-05-14 21:19:51.525190+00:00
2022-05-14T21:19:48.415443Z,8277863,0.00128000,11647.00000000,sell,2022-05-14 21:19:48.415443+00:00
2022-05-14T21:19:45.707306Z,8277862,0.00128000,1970542.00000000,sell,2022-05-14 21:19:45.707306+00:00
2022-05-14T21:19:45.707306Z,8277861,0.00128000,181713.00000000,sell,2022-05-14 21:19:45.707306+00:00
2022-05-14T21:19:45.707306Z,8277860,0.00128000,179835.00000000,sell,2022-05-14 21:19:45.707306+00:00
2022-05-14T21:19:40.933459Z,8277859,0.00128000,776.00000000,sell,2022-05-14 21:19:40.933459+00:00
2022-05-14T21:19:37.353571Z,8277858,0.00127000,44675.00000000,buy,2022-05-14 21:19:37.353571+00:00
2022-05-14T21:19:37.353571Z,8277857,0.00127000,51260.00000000,buy,2022-05-14 21:19:37.353571+00:00
2022-05-14T21:19:37.353571Z,8277856,0.00127000,39600.00000000,buy,2022-05-14 21:19:37.353571+00:00
2022-05-14T21:19:37.353571Z,8277855,0.00127000,42623.00000000,buy,2022-05-14 21:19:37.353571+00:00
2022-05-14T21:19:37.353571Z,8277854,0.00127000,25456.00000000,buy,2022-05-14 21:19:37.353571+00:00
2022-05-14T21:19:37.353571Z,8277853,0.00127000,58197.00000000,buy,2022-05-14 21:19:37.353571+00:00
2022-05-14T21:18:45.85813Z,8277852,0.00127000,277045.00000000,buy,2022-05-14 21:18:45.858130+00:00
2022-05-14T21:18:21.67835Z,8277851,0.00127000,674.00000000,buy,2022-05-14 21:18:21.678350+00:00
2022-05-14T21:18:05.405655Z,8277850,0.00127000,808.00000000,buy,2022-05-14 21:18:05.405655+00:00
2022-05-14T21:17:49.952032Z,8277849,0.00127000,7833.00000000,buy,2022-05-14 21:17:49.952032+00:00
2022-05-14T21:17:45.888663Z,8277848,0.00128000,7795.00000000,sell,2022-05-14 21:17:45.888663+00:00
2022-05-14T21:17:27.765194Z,8277847,0.00128000,38692.00000000,sell,2022-05-14 21:17:27.765194+00:00
2022-05-14T21:17:27.765194Z,8277846,0.00128000,69517.00000000,sell,2022-05-14 21:17:27.765194+00:00
2022-05-14T21:17:27.765194Z,8277845,0.00128000,34758.00000000,sell,2022-05-14 21:17:27.765194+00:00
2022-05-14T21:17:27.765194Z,8277844,0.00128000,6543.00000000,sell,2022-05-14 21:17:27.765194+00:00
2022-05-14T21:17:25.823182Z,8277843,0.00127000,2869.00000000,buy,2022-05-14 21:17:25.823182+00:00
2022-05-14T21:16:37.445059Z,8277842,0.00127000,373.00000000,buy,2022-05-14 21:16:37.445059+00:00
2022-05-14T21:16:04.980245Z,8277841,0.00127000,1414.00000000,buy,2022-05-14 21:16:04.980245+00:00
2022-05-14T21:15:51.714057Z,8277840,0.00128000,10000.00000000,sell,2022-05-14 21:15:51.714057+00:00
2022-05-14T21:15:43.641485Z,8277839,0.00127000,3638.00000000,buy,2022-05-14 21:15:43.641485+00:00
2022-05-14T21:15:10.046267Z,8277838,0.00127000,33526.00000000,buy,2022-05-14 21:15:10.046267+00:00
2022-05-14T21:15:10.046267Z,8277837,0.00127000,6096.00000000,buy,2022-05-14 21:15:10.046267+00:00
2022-05-14T21:15:10.046267Z,8277836,0.00127000,33.00000000,buy,2022-05-14 21:15:10.046267+00:00
2022-05-14T21:15:10.046267Z,8277835,0.00127000,57970.00000000,buy,2022-05-14 21:15:10.046267+00:00
2022-05-14T21:15:04.47083Z,8277834,0.00127000,5490.00000000,buy,2022-05-14 21:15:04.470830+00:00
2022-05-14T21:14:53.750512Z,8277833,0.00128000,25206.00000000,sell,2022-05-14 21:14:53.750512+00:00
2022-05-14T21:14:49.809724Z,8277832,0.00128000,874.00000000,sell,2022-05-14 21:14:49.809724+00:00
2022-05-14T21:14:49.809724Z,8277831,0.00128000,17379.00000000,sell,2022-05-14 21:14:49.809724+00:00
2022-05-14T21:14:40.881126Z,8277830,0.00127000,1020.00000000,buy,2022-05-14 21:14:40.881126+00:00
2022-05-14T21:14:28.565249Z,8277829,0.00127000,7843.00000000,buy,2022-05-14 21:14:28.565249+00:00
2022-05-14T21:14:18.397588Z,8277828,0.00127000,101.00000000,buy,2022-05-14 21:14:18.397588+00:00
2022-05-14T21:14:14.285471Z,8277827,0.00128000,7293.00000000,sell,2022-05-14 21:14:14.285471+00:00
2022-05-14T21:14:01.005286Z,8277826,0.00127000,371749.00000000,buy,2022-05-14 21:14:01.005286+00:00
2022-05-14T21:13:59.254969Z,8277825,0.00128000,80881.00000000,sell,2022-05-14 21:13:59.254969+00:00
2022-05-14T21:13:59.254969Z,8277824,0.00128000,225311.00000000,sell,2022-05-14 21:13:59.254969+00:00
2022-05-14T21:13:59.254969Z,8277823,0.00128000,39600.00000000,sell,2022-05-14 21:13:59.254969+00:00
2022-05-14T21:13:59.254969Z,8277822,0.00128000,37184.00000000,sell,2022-05-14 21:13:59.254969+00:00
2022-05-14T21:13:25.435799Z,8277821,0.00127000,1629.00000000,buy,2022-05-14 21:13:25.435799+00:00
2022-05-14T21:12:53.356949Z,8277820,0.00127000,11152.00000000,buy,2022-05-14 21:12:53.356949+00:00
2022-05-14T21:12:50.043143Z,8277819,0.00128000,11152.00000000,sell,2022-05-14 21:12:50.043143+00:00
2022-05-14T21:12:34.397382Z,8277818,0.00128000,7004.00000000,sell,2022-05-14 21:12:34.397382+00:00
2022-05-14T21:11:49.573965Z,8277817,0.00128000,37703.00000000,buy,2022-05-14 21:11:49.573965+00:00
2022-05-14T21:11:40.453603Z,8277816,0.00128000,270.00000000,buy,2022-05-14 21:11:40.453603+00:00
2022-05-14T21:11:39.333615Z,8277815,0.00128000,15011.00000000,buy,2022-05-14 21:11:39.333615+00:00
2022-05-14T21:11:34.166225Z,8277814,0.00128000,2356.00000000,buy,2022-05-14 21:11:34.166225+00:00
2022-05-14T21:11:31.094097Z,8277813,0.00128000,19800.00000000,buy,2022-05-14 21:11:31.094097+00:00
2022-05-14T21:11:31.094097Z,8277812,0.00128000,109830.00000000,buy,2022-05-14 21:11:31.094097+00:00
2022-05-14T21:11:15.040965Z,8277811,0.00129000,1543.00000000,sell,2022-05-14 21:11:15.040965+00:00
2022-05-14T21:11:06.76728Z,8277810,0.00128000,849.00000000,buy,2022-05-14 21:11:06.767280+00:00
2022-05-14T21:11:00.553427Z,8277809,0.00129000,7713.00000000,sell,2022-05-14 21:11:00.553427+00:00
2022-05-14T21:10:58.137898Z,8277808,0.00128000,175546.00000000,buy,2022-05-14 21:10:58.137898+00:00
2022-05-14T21:10:57.119209Z,8277807,0.00128000,19572.00000000,buy,2022-05-14 21:10:57.119209+00:00
2022-05-14T21:10:50.201713Z,8277806,0.00129000,3699.00000000,sell,2022-05-14 21:10:50.201713+00:00
2022-05-14T21:10:46.859907Z,8277805,0.00129000,8524.00000000,sell,2022-05-14 21:10:46.859907+00:00
2022-05-14T21:10:34.941464Z,8277804,0.00128000,760.00000000,buy,2022-05-14 21:10:34.941464+00:00
2022-05-14T21:10:34.745125Z,8277803,0.00129000,1016.00000000,sell,2022-05-14 21:10:34.745125+00:00
2022-05-14T21:10:31.82089Z,8277802,0.00129000,14867.00000000,sell,2022-05-14 21:10:31.820890+00:00
2022-05-14T21:10:31.324025Z,8277801,0.00129000,18134.00000000,sell,2022-05-14 21:10:31.324025+00:00
2022-05-14T21:10:06.731414Z,8277800,0.00128000,15485.00000000,buy,2022-05-14 21:10:06.731414+00:00
2022-05-14T21:10:06.731414Z,8277799,0.00128000,50630.00000000,buy,2022-05-14 21:10:06.731414+00:00
2022-05-14T21:09:52.350746Z,8277798,0.00128000,20363.00000000,buy,2022-05-14 21:09:52.350746+00:00
2022-05-14T21:09:46.043789Z,8277797,0.00129000,4560.00000000,sell,2022-05-14 21:09:46.043789+00:00
2022-05-14T21:09:40.479977Z,8277796,0.00128000,11801.00000000,buy,2022-05-14 21:09:40.479977+00:00
2022-05-14T21:09:39.145128Z,8277795,0.00128000,138564.00000000,buy,2022-05-14 21:09:39.145128+00:00
2022-05-14T21:09:19.359442Z,8277794,0.00128000,63245.00000000,sell,2022-05-14 21:09:19.359442+00:00
2022-05-14T21:09:19.330931Z,8277793,0.00128000,126491.00000000,sell,2022-05-14 21:09:19.330931+00:00
2022-05-14T21:09:19.174428Z,8277792,0.00128000,18525.00000000,sell,2022-05-14 21:09:19.174428+00:00
2022-05-14T21:09:19.174428Z,8277791,0.00128000,72476.00000000,sell,2022-05-14 21:09:19.174428+00:00
2022-05-14T21:09:19.173935Z,8277790,0.00128000,2371.00000000,sell,2022-05-14 21:09:19.173935+00:00
2022-05-14T21:09:19.173935Z,8277789,0.00128000,39600.00000000,sell,2022-05-14 21:09:19.173935+00:00
2022-05-14T21:09:19.173935Z,8277788,0.00128000,37424.00000000,sell,2022-05-14 21:09:19.173935+00:00
2022-05-14T21:09:19.173935Z,8277787,0.00128000,42623.00000000,sell,2022-05-14 21:09:19.173935+00:00
2022-05-14T21:09:19.173935Z,8277786,0.00128000,252981.00000000,sell,2022-05-14 21:09:19.173935+00:00
2022-05-14T21:09:18.741163Z,8277785,0.00128000,978.00000000,sell,2022-05-14 21:09:18.741163+00:00
2022-05-14T21:09:06.923638Z,8277784,0.00127000,37400.00000000,buy,2022-05-14 21:09:06.923638+00:00
2022-05-14T21:09:06.923638Z,8277783,0.00127000,53887.00000000,buy,2022-05-14 21:09:06.923638+00:00
2022-05-14T21:08:55.409022Z,8277782,0.00128000,56700.00000000,sell,2022-05-14 21:08:55.409022+00:00
2022-05-14T21:08:55.409022Z,8277781,0.00128000,18712.00000000,sell,2022-05-14 21:08:55.409022+00:00
2022-05-14T21:08:28.793484Z,8277780,0.00128000,51387.00000000,buy,2022-05-14 21:08:28.793484+00:00
2022-05-14T21:08:28.760319Z,8277779,0.00128000,51387.00000000,buy,2022-05-14 21:08:28.760319+00:00
2022-05-14T21:08:28.760319Z,8277778,0.00128000,42623.00000000,buy,2022-05-14 21:08:28.760319+00:00
2022-05-14T21:08:28.556171Z,8277777,0.00128000,60000.00000000,buy,2022-05-14 21:08:28.556171+00:00
2022-05-14T21:08:28.556171Z,8277776,0.00128000,42623.00000000,buy,2022-05-14 21:08:28.556171+00:00
2022-05-14T21:08:28.556171Z,8277775,0.00128000,39600.00000000,buy,2022-05-14 21:08:28.556171+00:00
2022-05-14T21:08:28.556171Z,8277774,0.00128000,24875.00000000,buy,2022-05-14 21:08:28.556171+00:00
2022-05-14T21:08:28.556171Z,8277773,0.00128000,102774.00000000,buy,2022-05-14 21:08:28.556171+00:00
2022-05-14T21:08:28.556171Z,8277772,0.00128000,50252.00000000,buy,2022-05-14 21:08:28.556171+00:00
2022-05-14T21:08:28.556171Z,8277771,0.00128000,52623.00000000,buy,2022-05-14 21:08:28.556171+00:00
2022-05-14T21:08:26.470666Z,8277770,0.00129000,1276.00000000,sell,2022-05-14 21:08:26.470666+00:00
2022-05-14T21:08:23.576619Z,8277769,0.00128000,147377.00000000,buy,2022-05-14 21:08:23.576619+00:00
2022-05-14T21:08:23.576619Z,8277768,0.00128000,42623.00000000,buy,2022-05-14 21:08:23.576619+00:00
2022-05-14T21:08:23.576619Z,8277767,0.00128000,25126.00000000,buy,2022-05-14 21:08:23.576619+00:00
2022-05-14T21:08:23.576619Z,8277766,0.00128000,39600.00000000,buy,2022-05-14 21:08:23.576619+00:00
2022-05-14T21:08:23.576619Z,8277765,0.00128000,84585.00000000,buy,2022-05-14 21:08:23.576619+00:00
2022-05-14T21:08:15.825308Z,8277764,0.00129000,26233.00000000,sell,2022-05-14 21:08:15.825308+00:00
2022-05-14T21:08:02.078048Z,8277763,0.00129000,6950.00000000,sell,2022-05-14 21:08:02.078048+00:00
2022-05-14T21:07:49.869639Z,8277762,0.00128000,7782.00000000,buy,2022-05-14 21:07:49.869639+00:00
2022-05-14T21:07:37.760557Z,8277761,0.00129000,19283.00000000,sell,2022-05-14 21:07:37.760557+00:00
2022-05-14T21:07:19.680707Z,8277760,0.00128000,80.00000000,buy,2022-05-14 21:07:19.680707+00:00
2022-05-14T21:07:16.516098Z,8277759,0.00128000,113100.00000000,buy,2022-05-14 21:07:16.516098+00:00
2022-05-14T21:07:03.3118Z,8277758,0.00128000,368.00000000,buy,2022-05-14 21:07:03.311800+00:00
2022-05-14T21:06:40.775991Z,8277757,0.00128000,1904.00000000,buy,2022-05-14 21:06:40.775991+00:00
2022-05-14T21:06:30.509031Z,8277756,0.00128000,27261.00000000,buy,2022-05-14 21:06:30.509031+00:00
2022-05-14T21:06:20.993634Z,8277755,0.00128000,1790.00000000,buy,2022-05-14 21:06:20.993634+00:00
2022-05-14T21:05:49.337731Z,8277754,0.00128000,94868.00000000,sell,2022-05-14 21:05:49.337731+00:00
2022-05-14T21:05:49.302245Z,8277753,0.00128000,17888.00000000,sell,2022-05-14 21:05:49.302245+00:00
2022-05-14T21:05:49.302245Z,8277752,0.00128000,50000.00000000,sell,2022-05-14 21:05:49.302245+00:00
2022-05-14T21:05:49.302245Z,8277751,0.00128000,200000.00000000,sell,2022-05-14 21:05:49.302245+00:00
2022-05-14T21:05:49.302245Z,8277750,0.00128000,39600.00000000,sell,2022-05-14 21:05:49.302245+00:00
2022-05-14T21:05:49.302245Z,8277749,0.00128000,42623.00000000,sell,2022-05-14 21:05:49.302245+00:00
2022-05-14T21:05:49.302245Z,8277748,0.00128000,189736.00000000,sell,2022-05-14 21:05:49.302245+00:00
2022-05-14T21:05:49.302245Z,8277747,0.00128000,1683437.00000000,sell,2022-05-14 21:05:49.302245+00:00
2022-05-14T21:05:49.070439Z,8277746,0.00128000,374999.00000000,sell,2022-05-14 21:05:49.070439+00:00
2022-05-14T21:05:49.070256Z,8277745,0.00128000,499999.00000000,sell,2022-05-14 21:05:49.070256+00:00
2022-05-14T21:05:49.066266Z,8277744,0.00128000,374999.00000000,sell,2022-05-14 21:05:49.066266+00:00
2022-05-14T21:05:47.241477Z,8277743,0.00127000,1053.00000000,buy,2022-05-14 21:05:47.241477+00:00
2022-05-14T21:05:45.85163Z,8277742,0.00128000,56682.00000000,sell,2022-05-14 21:05:45.851630+00:00
2022-05-14T21:05:45.85163Z,8277741,0.00128000,18069.00000000,sell,2022-05-14 21:05:45.851630+00:00
2022-05-14T21:05:16.230468Z,8277740,0.00128000,19264.00000000,sell,2022-05-14 21:05:16.230468+00:00
2022-05-14T21:05:16.229835Z,8277739,0.00128000,108506.00000000,sell,2022-05-14 21:05:16.229835+00:00
2022-05-14T21:05:16.198054Z,8277738,0.00128000,25017.00000000,buy,2022-05-14 21:05:16.198054+00:00
2022-05-14T21:05:16.198054Z,8277737,0.00128000,39600.00000000,buy,2022-05-14 21:05:16.198054+00:00
2022-05-14T21:05:16.198054Z,8277736,0.00128000,42623.00000000,buy,2022-05-14 21:05:16.198054+00:00
2022-05-14T21:05:16.198054Z,8277735,0.00128000,113002.00000000,buy,2022-05-14 21:05:16.198054+00:00
2022-05-14T21:05:12.460194Z,8277734,0.00129000,75598.00000000,sell,2022-05-14 21:05:12.460194+00:00
2022-05-14T21:05:09.586537Z,8277733,0.00128000,10000.00000000,buy,2022-05-14 21:05:09.586537+00:00
2022-05-14T21:04:43.4321Z,8277732,0.00128000,3489.00000000,buy,2022-05-14 21:04:43.432100+00:00
2022-05-14T21:04:43.4321Z,8277731,0.00128000,8562.00000000,buy,2022-05-14 21:04:43.432100+00:00
2022-05-14T21:04:39.334998Z,8277730,0.00128000,43018.00000000,buy,2022-05-14 21:04:39.334998+00:00
2022-05-14T21:04:39.334998Z,8277729,0.00128000,25790.00000000,buy,2022-05-14 21:04:39.334998+00:00
2022-05-14T21:04:39.334998Z,8277728,0.00128000,39600.00000000,buy,2022-05-14 21:04:39.334998+00:00
2022-05-14T21:04:39.334998Z,8277727,0.00128000,66968.00000000,buy,2022-05-14 21:04:39.334998+00:00
2022-05-14T21:04:39.146113Z,8277726,0.00129000,19283.00000000,sell,2022-05-14 21:04:39.146113+00:00
2022-05-14T21:04:31.576265Z,8277725,0.00128000,14659.00000000,buy,2022-05-14 21:04:31.576265+00:00
2022-05-14T21:04:27.912395Z,8277724,0.00129000,1073.00000000,sell,2022-05-14 21:04:27.912395+00:00
2022-05-14T21:04:24.275733Z,8277723,0.00128000,490.00000000,buy,2022-05-14 21:04:24.275733+00:00
2022-05-14T21:04:22.566036Z,8277722,0.00128000,3891.00000000,buy,2022-05-14 21:04:22.566036+00:00
2022-05-14T21:04:06.53522Z,8277721,0.00129000,14659.00000000,sell,2022-05-14 21:04:06.535220+00:00
2022-05-14T21:03:18.640658Z,8277720,0.00128000,2500.00000000,buy,2022-05-14 21:03:18.640658+00:00
2022-05-14T21:03:17.335948Z,8277719,0.00129000,74827.00000000,sell,2022-05-14 21:03:17.335948+00:00
2022-05-14T21:02:48.376641Z,8277718,0.00128000,1033.00000000,buy,2022-05-14 21:02:48.376641+00:00
2022-05-14T21:02:40.921548Z,8277717,0.00129000,153818.00000000,sell,2022-05-14 21:02:40.921548+00:00
2022-05-14T21:02:37.146546Z,8277716,0.00128000,110459.00000000,buy,2022-05-14 21:02:37.146546+00:00
2022-05-14T21:02:37.146546Z,8277715,0.00128000,42623.00000000,buy,2022-05-14 21:02:37.146546+00:00
2022-05-14T21:02:37.146546Z,8277714,0.00128000,39600.00000000,buy,2022-05-14 21:02:37.146546+00:00
2022-05-14T21:02:37.146546Z,8277713,0.00128000,232969.00000000,buy,2022-05-14 21:02:37.146546+00:00
2022-05-14T21:02:02.615374Z,8277712,0.00128000,20012.00000000,buy,2022-05-14 21:02:02.615374+00:00
2022-05-14T21:01:55.77836Z,8277711,0.00129000,37032.00000000,sell,2022-05-14 21:01:55.778360+00:00
2022-05-14T21:01:55.147969Z,8277710,0.00129000,17511.00000000,sell,2022-05-14 21:01:55.147969+00:00
2022-05-14T21:01:31.24881Z,8277709,0.00129000,7004.00000000,sell,2022-05-14 21:01:31.248810+00:00
2022-05-14T21:01:29.412746Z,8277708,0.00128000,39600.00000000,sell,2022-05-14 21:01:29.412746+00:00
2022-05-14T21:01:29.400633Z,8277707,0.00128000,1.00000000,sell,2022-05-14 21:01:29.400633+00:00
2022-05-14T21:01:29.397305Z,8277706,0.00128000,61162.00000000,sell,2022-05-14 21:01:29.397305+00:00
2022-05-14T21:01:29.397305Z,8277705,0.00128000,67328.00000000,sell,2022-05-14 21:01:29.397305+00:00
2022-05-14T21:01:29.389338Z,8277704,0.00128000,61162.00000000,sell,2022-05-14 21:01:29.389338+00:00
2022-05-14T21:01:29.373223Z,8277703,0.00128000,61162.00000000,sell,2022-05-14 21:01:29.373223+00:00
2022-05-14T21:01:29.356199Z,8277702,0.00128000,33941.00000000,sell,2022-05-14 21:01:29.356199+00:00
2022-05-14T21:01:29.35236Z,8277701,0.00128000,88383.00000000,sell,2022-05-14 21:01:29.352360+00:00
2022-05-14T21:01:29.35236Z,8277700,0.00128000,39600.00000000,sell,2022-05-14 21:01:29.352360+00:00
2022-05-14T21:01:29.35236Z,8277699,0.00128000,13025.00000000,sell,2022-05-14 21:01:29.352360+00:00
2022-05-14T21:01:29.34441Z,8277698,0.00128000,122324.00000000,sell,2022-05-14 21:01:29.344410+00:00
2022-05-14T21:01:29.3407Z,8277697,0.00128000,214748.00000000,sell,2022-05-14 21:01:29.340700+00:00
2022-05-14T21:01:29.336686Z,8277696,0.00128000,214748.00000000,sell,2022-05-14 21:01:29.336686+00:00
2022-05-14T21:01:29.333581Z,8277695,0.00128000,52537.00000000,sell,2022-05-14 21:01:29.333581+00:00
2022-05-14T21:01:29.325328Z,8277694,0.00128000,214748.00000000,sell,2022-05-14 21:01:29.325328+00:00
2022-05-14T21:01:29.321013Z,8277693,0.00128000,141008.00000000,sell,2022-05-14 21:01:29.321013+00:00
2022-05-14T21:01:29.316991Z,8277692,0.00128000,162211.00000000,sell,2022-05-14 21:01:29.316991+00:00
2022-05-14T21:01:29.316835Z,8277691,0.00128000,858179.00000000,sell,2022-05-14 21:01:29.316835+00:00
2022-05-14T21:01:29.308879Z,8277690,0.00128000,214748.00000000,sell,2022-05-14 21:01:29.308879+00:00
2022-05-14T21:01:29.304742Z,8277689,0.00128000,214748.00000000,sell,2022-05-14 21:01:29.304742+00:00
2022-05-14T21:01:29.301435Z,8277688,0.00128000,52537.00000000,sell,2022-05-14 21:01:29.301435+00:00
2022-05-14T21:01:29.297637Z,8277687,0.00128000,214748.00000000,sell,2022-05-14 21:01:29.297637+00:00
2022-05-14T21:01:29.293646Z,8277686,0.00128000,214748.00000000,sell,2022-05-14 21:01:29.293646+00:00
2022-05-14T21:01:29.290048Z,8277685,0.00128000,141008.00000000,sell,2022-05-14 21:01:29.290048+00:00
2022-05-14T21:01:29.28259Z,8277684,0.00128000,214748.00000000,sell,2022-05-14 21:01:29.282590+00:00
2022-05-14T21:01:29.277568Z,8277683,0.00128000,162211.00000000,sell,2022-05-14 21:01:29.277568+00:00
2022-05-14T21:01:29.273408Z,8277682,0.00128000,214748.00000000,sell,2022-05-14 21:01:29.273408+00:00
2022-05-14T21:01:29.269084Z,8277681,0.00128000,214748.00000000,sell,2022-05-14 21:01:29.269084+00:00
2022-05-14T21:01:29.26603Z,8277680,0.00128000,52537.00000000,sell,2022-05-14 21:01:29.266030+00:00
2022-05-14T21:01:29.2615Z,8277679,0.00128000,214748.00000000,sell,2022-05-14 21:01:29.261500+00:00
2022-05-14T21:01:29.253851Z,8277678,0.00128000,214748.00000000,sell,2022-05-14 21:01:29.253851+00:00
2022-05-14T21:01:29.249602Z,8277677,0.00128000,214748.00000000,sell,2022-05-14 21:01:29.249602+00:00
2022-05-14T21:01:29.246242Z,8277676,0.00128000,214748.00000000,sell,2022-05-14 21:01:29.246242+00:00
2022-05-14T21:01:29.241123Z,8277675,0.00128000,214748.00000000,sell,2022-05-14 21:01:29.241123+00:00
2022-05-14T21:01:29.237638Z,8277674,0.00128000,214748.00000000,sell,2022-05-14 21:01:29.237638+00:00
2022-05-14T21:01:29.234128Z,8277673,0.00128000,214748.00000000,sell,2022-05-14 21:01:29.234128+00:00
2022-05-14T21:01:29.229787Z,8277672,0.00128000,214748.00000000,sell,2022-05-14 21:01:29.229787+00:00
2022-05-14T21:01:29.222323Z,8277671,0.00128000,214748.00000000,sell,2022-05-14 21:01:29.222323+00:00
2022-05-14T21:01:29.218327Z,8277670,0.00128000,214748.00000000,sell,2022-05-14 21:01:29.218327+00:00
2022-05-14T21:01:29.215055Z,8277669,0.00128000,141008.00000000,sell,2022-05-14 21:01:29.215055+00:00
2022-05-14T21:01:29.21072Z,8277668,0.00128000,214748.00000000,sell,2022-05-14 21:01:29.210720+00:00
2022-05-14T21:01:29.20629Z,8277667,0.00128000,214748.00000000,sell,2022-05-14 21:01:29.206290+00:00
2022-05-14T21:01:29.202505Z,8277666,0.00128000,214748.00000000,sell,2022-05-14 21:01:29.202505+00:00
2022-05-14T21:01:29.194498Z,8277665,0.00128000,162211.00000000,sell,2022-05-14 21:01:29.194498+00:00
2022-05-14T21:01:29.194498Z,8277664,0.00128000,52537.00000000,sell,2022-05-14 21:01:29.194498+00:00
2022-05-14T21:01:29.190034Z,8277663,0.00128000,214748.00000000,sell,2022-05-14 21:01:29.190034+00:00
2022-05-14T21:01:29.178377Z,8277662,0.00128000,214748.00000000,sell,2022-05-14 21:01:29.178377+00:00
2022-05-14T21:01:29.174061Z,8277661,0.00128000,214748.00000000,sell,2022-05-14 21:01:29.174061+00:00
2022-05-14T21:01:29.168565Z,8277660,0.00128000,141008.00000000,sell,2022-05-14 21:01:29.168565+00:00
2022-05-14T21:01:29.164421Z,8277659,0.00128000,214748.00000000,sell,2022-05-14 21:01:29.164421+00:00
2022-05-14T21:01:29.160301Z,8277658,0.00128000,214748.00000000,sell,2022-05-14 21:01:29.160301+00:00
2022-05-14T21:01:29.154784Z,8277657,0.00128000,85836.00000000,sell,2022-05-14 21:01:29.154784+00:00
2022-05-14T21:01:29.144189Z,8277656,0.00128000,214748.00000000,sell,2022-05-14 21:01:29.144189+00:00
2022-05-14T21:01:29.140127Z,8277655,0.00128000,214748.00000000,sell,2022-05-14 21:01:29.140127+00:00
2022-05-14T21:01:29.136285Z,8277654,0.00128000,117383.00000000,sell,2022-05-14 21:01:29.136285+00:00
2022-05-14T21:01:29.136285Z,8277653,0.00128000,33736.00000000,sell,2022-05-14 21:01:29.136285+00:00
2022-05-14T21:01:29.136285Z,8277652,0.00128000,17845.00000000,sell,2022-05-14 21:01:29.136285+00:00
2022-05-14T21:01:29.136285Z,8277651,0.00128000,100.00000000,sell,2022-05-14 21:01:29.136285+00:00
2022-05-14T21:01:29.136285Z,8277650,0.00128000,39600.00000000,sell,2022-05-14 21:01:29.136285+00:00
2022-05-14T21:01:29.136285Z,8277649,0.00128000,6049.00000000,sell,2022-05-14 21:01:29.136285+00:00
2022-05-14T21:01:29.136285Z,8277648,0.00128000,35.00000000,sell,2022-05-14 21:01:29.136285+00:00
2022-05-14T21:01:29.131747Z,8277647,0.00128000,214748.00000000,sell,2022-05-14 21:01:29.131747+00:00
2022-05-14T21:01:29.128072Z,8277646,0.00128000,214748.00000000,sell,2022-05-14 21:01:29.128072+00:00
2022-05-14T21:01:29.123971Z,8277645,0.00128000,214748.00000000,sell,2022-05-14 21:01:29.123971+00:00
2022-05-14T21:01:29.120123Z,8277644,0.00128000,214748.00000000,sell,2022-05-14 21:01:29.120123+00:00
2022-05-14T21:01:29.112053Z,8277643,0.00128000,141008.00000000,sell,2022-05-14 21:01:29.112053+00:00
2022-05-14T21:01:29.10875Z,8277642,0.00128000,214748.00000000,sell,2022-05-14 21:01:29.108750+00:00
2022-05-14T21:01:29.105701Z,8277641,0.00128000,214748.00000000,sell,2022-05-14 21:01:29.105701+00:00
2022-05-14T21:01:29.096651Z,8277640,0.00128000,214748.00000000,sell,2022-05-14 21:01:29.096651+00:00
2022-05-14T21:01:29.093451Z,8277639,0.00128000,214748.00000000,sell,2022-05-14 21:01:29.093451+00:00
2022-05-14T21:01:29.086627Z,8277638,0.00128000,141008.00000000,sell,2022-05-14 21:01:29.086627+00:00
2022-05-14T21:01:29.07943Z,8277637,0.00128000,214748.00000000,sell,2022-05-14 21:01:29.079430+00:00
2022-05-14T21:01:29.073243Z,8277636,0.00128000,214748.00000000,sell,2022-05-14 21:01:29.073243+00:00
2022-05-14T21:01:13.937507Z,8277635,0.00127000,754.00000000,buy,2022-05-14 21:01:13.937507+00:00
2022-05-14T21:01:10.250311Z,8277634,0.00127000,43150.00000000,buy,2022-05-14 21:01:10.250311+00:00
2022-05-14T21:01:10.250311Z,8277633,0.00127000,43467.00000000,buy,2022-05-14 21:01:10.250311+00:00
2022-05-14T21:01:03.61472Z,8277632,0.00128000,190.00000000,sell,2022-05-14 21:01:03.614720+00:00
2022-05-14T21:00:39.936527Z,8277631,0.00128000,362.00000000,sell,2022-05-14 21:00:39.936527+00:00
2022-05-14T21:00:34.17069Z,8277630,0.00127000,623.00000000,buy,2022-05-14 21:00:34.170690+00:00
2022-05-14T21:00:27.655836Z,8277629,0.00128000,753.00000000,sell,2022-05-14 21:00:27.655836+00:00
2022-05-14T21:00:24.140962Z,8277628,0.00127000,155910.00000000,buy,2022-05-14 21:00:24.140962+00:00
2022-05-14T21:00:24.140962Z,8277627,0.00127000,107720.00000000,buy,2022-05-14 21:00:24.140962+00:00
2022-05-14T21:00:24.140962Z,8277626,0.00127000,49502.00000000,buy,2022-05-14 21:00:24.140962+00:00
2022-05-14T21:00:24.140962Z,8277625,0.00127000,39600.00000000,buy,2022-05-14 21:00:24.140962+00:00
2022-05-14T21:00:24.140962Z,8277624,0.00127000,209.00000000,buy,2022-05-14 21:00:24.140962+00:00
2022-05-14T21:00:22.892145Z,8277623,0.00127000,1737.00000000,buy,2022-05-14 21:00:22.892145+00:00
2022-05-14T21:00:18.725294Z,8277622,0.00127000,1821.00000000,buy,2022-05-14 21:00:18.725294+00:00
2022-05-14T21:00:16.478212Z,8277621,0.00128000,4279.00000000,sell,2022-05-14 21:00:16.478212+00:00
2022-05-14T21:00:12.955707Z,8277620,0.00127000,11007.00000000,buy,2022-05-14 21:00:12.955707+00:00
2022-05-14T21:00:05.725252Z,8277619,0.00127000,1250.00000000,buy,2022-05-14 21:00:05.725252+00:00
2022-05-14T20:59:46.411721Z,8277618,0.00128000,92.00000000,sell,2022-05-14 20:59:46.411721+00:00
2022-05-14T20:59:43.626255Z,8277617,0.00127000,3137.00000000,buy,2022-05-14 20:59:43.626255+00:00
2022-05-14T20:59:32.134782Z,8277616,0.00127000,607.00000000,buy,2022-05-14 20:59:32.134782+00:00
2022-05-14T20:59:31.573781Z,8277615,0.00128000,14389.00000000,sell,2022-05-14 20:59:31.573781+00:00
2022-05-14T20:59:28.086631Z,8277614,0.00128000,54114.00000000,sell,2022-05-14 20:59:28.086631+00:00
2022-05-14T20:59:28.086631Z,8277613,0.00128000,72337.00000000,sell,2022-05-14 20:59:28.086631+00:00
2022-05-14T20:59:28.086631Z,8277612,0.00128000,26697.00000000,sell,2022-05-14 20:59:28.086631+00:00
2022-05-14T20:59:08.790795Z,8277611,0.00127000,784.00000000,buy,2022-05-14 20:59:08.790795+00:00
2022-05-14T20:58:17.265532Z,8277610,0.00128000,992.00000000,sell,2022-05-14 20:58:17.265532+00:00
2022-05-14T20:58:15.633166Z,8277609,0.00127000,333.00000000,buy,2022-05-14 20:58:15.633166+00:00
2022-05-14T20:57:57.463566Z,8277608,0.00127000,1261.00000000,buy,2022-05-14 20:57:57.463566+00:00
2022-05-14T20:57:57.12577Z,8277607,0.00128000,8479.00000000,sell,2022-05-14 20:57:57.125770+00:00
2022-05-14T20:57:57.12577Z,8277606,0.00128000,18084.00000000,sell,2022-05-14 20:57:57.125770+00:00
2022-05-14T20:57:57.12577Z,8277605,0.00128000,23437.00000000,sell,2022-05-14 20:57:57.125770+00:00
2022-05-14T20:57:55.987604Z,8277604,0.00127000,2605.00000000,buy,2022-05-14 20:57:55.987604+00:00
2022-05-14T20:57:47.309544Z,8277603,0.00127000,39600.00000000,sell,2022-05-14 20:57:47.309544+00:00
2022-05-14T20:57:47.309544Z,8277602,0.00127000,52237.00000000,sell,2022-05-14 20:57:47.309544+00:00
2022-05-14T20:57:47.30584Z,8277601,0.00127000,143910.00000000,sell,2022-05-14 20:57:47.305840+00:00
2022-05-14T20:57:47.180053Z,8277600,0.00127000,64924.00000000,sell,2022-05-14 20:57:47.180053+00:00
2022-05-14T20:57:47.179596Z,8277599,0.00127000,73936.00000000,sell,2022-05-14 20:57:47.179596+00:00
2022-05-14T20:57:47.179596Z,8277598,0.00127000,39600.00000000,sell,2022-05-14 20:57:47.179596+00:00
2022-05-14T20:57:47.179596Z,8277597,0.00127000,117640.00000000,sell,2022-05-14 20:57:47.179596+00:00
2022-05-14T20:57:47.169136Z,8277596,0.00127000,123243.00000000,sell,2022-05-14 20:57:47.169136+00:00
2022-05-14T20:57:47.158656Z,8277595,0.00127000,6049.00000000,sell,2022-05-14 20:57:47.158656+00:00
2022-05-14T20:57:47.158545Z,8277594,0.00127000,6049.00000000,sell,2022-05-14 20:57:47.158545+00:00
2022-05-14T20:57:47.154531Z,8277593,0.00127000,6049.00000000,sell,2022-05-14 20:57:47.154531+00:00
2022-05-14T20:57:39.242604Z,8277592,0.00126000,6457.00000000,buy,2022-05-14 20:57:39.242604+00:00
2022-05-14T20:57:38.664682Z,8277591,0.00126000,275.00000000,buy,2022-05-14 20:57:38.664682+00:00
2022-05-14T20:57:36.068887Z,8277590,0.00126000,21888.00000000,buy,2022-05-14 20:57:36.068887+00:00
2022-05-14T20:57:23.727692Z,8277589,0.00126000,33201.00000000,buy,2022-05-14 20:57:23.727692+00:00
2022-05-14T20:57:23.727692Z,8277588,0.00126000,1051.00000000,buy,2022-05-14 20:57:23.727692+00:00
2022-05-14T20:57:23.727692Z,8277587,0.00126000,1050.00000000,buy,2022-05-14 20:57:23.727692+00:00
2022-05-14T20:57:23.727692Z,8277586,0.00126000,38096.00000000,buy,2022-05-14 20:57:23.727692+00:00
2022-05-14T20:57:23.727692Z,8277585,0.00126000,100.00000000,buy,2022-05-14 20:57:23.727692+00:00
2022-05-14T20:57:23.727692Z,8277584,0.00126000,4933.00000000,buy,2022-05-14 20:57:23.727692+00:00
2022-05-14T20:57:11.453606Z,8277583,0.00126000,1164.00000000,buy,2022-05-14 20:57:11.453606+00:00
2022-05-14T20:56:59.130439Z,8277582,0.00127000,42623.00000000,buy,2022-05-14 20:56:59.130439+00:00
2022-05-14T20:56:59.12046Z,8277581,0.00127000,52236.00000000,buy,2022-05-14 20:56:59.120460+00:00
2022-05-14T20:56:59.073981Z,8277580,0.00127000,52236.00000000,buy,2022-05-14 20:56:59.073981+00:00
2022-05-14T20:56:59.060303Z,8277579,0.00127000,3913.00000000,buy,2022-05-14 20:56:59.060303+00:00
2022-05-14T20:56:59.060303Z,8277578,0.00127000,11000.00000000,buy,2022-05-14 20:56:59.060303+00:00
2022-05-14T20:56:59.060303Z,8277577,0.00127000,42623.00000000,buy,2022-05-14 20:56:59.060303+00:00
2022-05-14T20:56:59.053532Z,8277576,0.00127000,75890.00000000,buy,2022-05-14 20:56:59.053532+00:00
2022-05-14T20:56:59.053532Z,8277575,0.00127000,132530.00000000,buy,2022-05-14 20:56:59.053532+00:00
2022-05-14T20:56:59.053532Z,8277574,0.00127000,6096.00000000,buy,2022-05-14 20:56:59.053532+00:00
2022-05-14T20:56:58.860914Z,8277573,0.00127000,52236.00000000,buy,2022-05-14 20:56:58.860914+00:00
2022-05-14T20:56:58.8524Z,8277572,0.00127000,52236.00000000,buy,2022-05-14 20:56:58.852400+00:00
2022-05-14T20:56:58.840322Z,8277571,0.00127000,24751.00000000,buy,2022-05-14 20:56:58.840322+00:00
2022-05-14T20:56:58.835944Z,8277570,0.00127000,24751.00000000,buy,2022-05-14 20:56:58.835944+00:00
2022-05-14T20:56:58.820375Z,8277569,0.00127000,14748.00000000,buy,2022-05-14 20:56:58.820375+00:00
2022-05-14T20:56:58.81205Z,8277568,0.00127000,52104.00000000,buy,2022-05-14 20:56:58.812050+00:00
2022-05-14T20:56:58.7988Z,8277567,0.00127000,214748.00000000,buy,2022-05-14 20:56:58.798800+00:00
2022-05-14T20:56:58.791319Z,8277566,0.00127000,89432.00000000,buy,2022-05-14 20:56:58.791319+00:00
2022-05-14T20:56:58.781533Z,8277565,0.00127000,200000.00000000,buy,2022-05-14 20:56:58.781533+00:00
2022-05-14T20:56:58.773928Z,8277564,0.00127000,214748.00000000,buy,2022-05-14 20:56:58.773928+00:00
2022-05-14T20:56:58.76525Z,8277563,0.00127000,214748.00000000,buy,2022-05-14 20:56:58.765250+00:00
2022-05-14T20:56:58.752335Z,8277562,0.00127000,214748.00000000,buy,2022-05-14 20:56:58.752335+00:00
2022-05-14T20:56:58.740255Z,8277561,0.00127000,200787.00000000,buy,2022-05-14 20:56:58.740255+00:00
2022-05-14T20:56:58.740255Z,8277560,0.00127000,32.00000000,buy,2022-05-14 20:56:58.740255+00:00
2022-05-14T20:56:58.740255Z,8277559,0.00127000,13929.00000000,buy,2022-05-14 20:56:58.740255+00:00
2022-05-14T20:56:58.730722Z,8277558,0.00127000,214748.00000000,buy,2022-05-14 20:56:58.730722+00:00
2022-05-14T20:56:58.722146Z,8277557,0.00127000,214748.00000000,buy,2022-05-14 20:56:58.722146+00:00
2022-05-14T20:56:58.714299Z,8277556,0.00127000,214748.00000000,buy,2022-05-14 20:56:58.714299+00:00
2022-05-14T20:56:58.703616Z,8277555,0.00127000,214748.00000000,buy,2022-05-14 20:56:58.703616+00:00
2022-05-14T20:56:58.685829Z,8277554,0.00127000,141008.00000000,buy,2022-05-14 20:56:58.685829+00:00
2022-05-14T20:56:58.674638Z,8277553,0.00127000,214748.00000000,buy,2022-05-14 20:56:58.674638+00:00
2022-05-14T20:56:58.658862Z,8277552,0.00127000,214748.00000000,buy,2022-05-14 20:56:58.658862+00:00
2022-05-14T20:56:58.653492Z,8277551,0.00127000,214748.00000000,buy,2022-05-14 20:56:58.653492+00:00
2022-05-14T20:56:58.639647Z,8277550,0.00127000,214748.00000000,buy,2022-05-14 20:56:58.639647+00:00
2022-05-14T20:56:58.629998Z,8277549,0.00127000,141008.00000000,buy,2022-05-14 20:56:58.629998+00:00
2022-05-14T20:56:58.622015Z,8277548,0.00127000,214748.00000000,buy,2022-05-14 20:56:58.622015+00:00
2022-05-14T20:56:27.105169Z,8277547,0.00128000,2103.00000000,sell,2022-05-14 20:56:27.105169+00:00
2022-05-14T20:56:01.661641Z,8277546,0.00128000,6842.00000000,sell,2022-05-14 20:56:01.661641+00:00
2022-05-14T20:56:00.364601Z,8277545,0.00127000,80000.00000000,buy,2022-05-14 20:56:00.364601+00:00
2022-05-14T20:55:49.82465Z,8277544,0.00127000,2588.00000000,buy,2022-05-14 20:55:49.824650+00:00
2022-05-14T20:55:29.356762Z,8277543,0.00127000,3922.00000000,buy,2022-05-14 20:55:29.356762+00:00
2022-05-14T20:55:22.204618Z,8277542,0.00128000,1051.00000000,sell,2022-05-14 20:55:22.204618+00:00
2022-05-14T20:55:20.533126Z,8277541,0.00128000,2019.00000000,sell,2022-05-14 20:55:20.533126+00:00
2022-05-14T20:55:17.129876Z,8277540,0.00127000,6641.00000000,buy,2022-05-14 20:55:17.129876+00:00
2022-05-14T20:54:57.560575Z,8277539,0.00128000,167.00000000,sell,2022-05-14 20:54:57.560575+00:00
2022-05-14T20:54:48.55302Z,8277538,0.00128000,7004.00000000,sell,2022-05-14 20:54:48.553020+00:00
2022-05-14T20:54:39.789953Z,8277537,0.00128000,10502.00000000,sell,2022-05-14 20:54:39.789953+00:00
2022-05-14T20:54:23.924033Z,8277536,0.00128000,75412.00000000,sell,2022-05-14 20:54:23.924033+00:00
2022-05-14T20:54:21.10001Z,8277535,0.00128000,336.00000000,sell,2022-05-14 20:54:21.100010+00:00
2022-05-14T20:54:04.581802Z,8277534,0.00128000,3891.00000000,sell,2022-05-14 20:54:04.581802+00:00
2022-05-14T20:53:58.459826Z,8277533,0.00128000,461.00000000,sell,2022-05-14 20:53:58.459826+00:00
2022-05-14T20:53:56.641471Z,8277532,0.00128000,18276.00000000,sell,2022-05-14 20:53:56.641471+00:00
2022-05-14T20:53:52.266332Z,8277531,0.00127000,12142.00000000,buy,2022-05-14 20:53:52.266332+00:00
2022-05-14T20:53:40.379122Z,8277530,0.00128000,6096.00000000,sell,2022-05-14 20:53:40.379122+00:00
2022-05-14T20:53:18.589117Z,8277529,0.00128000,43267.00000000,buy,2022-05-14 20:53:18.589117+00:00
2022-05-14T20:53:18.321782Z,8277528,0.00128000,35200.00000000,buy,2022-05-14 20:53:18.321782+00:00
2022-05-14T20:53:18.321782Z,8277527,0.00128000,42623.00000000,buy,2022-05-14 20:53:18.321782+00:00
2022-05-14T20:53:18.321782Z,8277526,0.00128000,43266.00000000,buy,2022-05-14 20:53:18.321782+00:00
2022-05-14T20:53:18.259306Z,8277525,0.00128000,86533.00000000,buy,2022-05-14 20:53:18.259306+00:00
2022-05-14T20:53:18.255624Z,8277524,0.00128000,42623.00000000,buy,2022-05-14 20:53:18.255624+00:00
2022-05-14T20:53:18.255624Z,8277523,0.00128000,1900000.00000000,buy,2022-05-14 20:53:18.255624+00:00
2022-05-14T20:53:18.255624Z,8277522,0.00128000,73581.00000000,buy,2022-05-14 20:53:18.255624+00:00
2022-05-14T20:53:18.233129Z,8277521,0.00128000,126419.00000000,buy,2022-05-14 20:53:18.233129+00:00
2022-05-14T20:53:18.233129Z,8277520,0.00128000,173065.00000000,buy,2022-05-14 20:53:18.233129+00:00
2022-05-14T20:53:18.233129Z,8277519,0.00128000,39600.00000000,buy,2022-05-14 20:53:18.233129+00:00
2022-05-14T20:53:11.322989Z,8277518,0.00128000,273.00000000,buy,2022-05-14 20:53:11.322989+00:00
2022-05-14T20:53:09.622957Z,8277517,0.00129000,147099.00000000,sell,2022-05-14 20:53:09.622957+00:00
2022-05-14T20:53:09.622957Z,8277516,0.00129000,6049.00000000,sell,2022-05-14 20:53:09.622957+00:00
2022-05-14T20:52:59.252322Z,8277515,0.00128000,23980.00000000,buy,2022-05-14 20:52:59.252322+00:00
2022-05-14T20:52:59.244228Z,8277514,0.00128000,12426.00000000,sell,2022-05-14 20:52:59.244228+00:00
2022-05-14T20:52:59.24415Z,8277513,0.00128000,6218.00000000,buy,2022-05-14 20:52:59.244150+00:00
2022-05-14T20:52:59.241075Z,8277512,0.00128000,39600.00000000,sell,2022-05-14 20:52:59.241075+00:00
2022-05-14T20:52:59.237322Z,8277511,0.00128000,5336.00000000,buy,2022-05-14 20:52:59.237322+00:00
2022-05-14T20:52:59.237322Z,8277510,0.00128000,18644.00000000,buy,2022-05-14 20:52:59.237322+00:00
2022-05-14T20:52:59.229864Z,8277509,0.00128000,18643.00000000,sell,2022-05-14 20:52:59.229864+00:00
2022-05-14T20:52:59.229379Z,8277508,0.00128000,45818.00000000,sell,2022-05-14 20:52:59.229379+00:00
2022-05-14T20:52:59.229379Z,8277507,0.00128000,42623.00000000,sell,2022-05-14 20:52:59.229379+00:00
2022-05-14T20:52:59.219013Z,8277506,0.00128000,37287.00000000,sell,2022-05-14 20:52:59.219013+00:00
2022-05-14T20:52:59.203255Z,8277505,0.00128000,179685.00000000,sell,2022-05-14 20:52:59.203255+00:00
2022-05-14T20:52:59.199063Z,8277504,0.00128000,214748.00000000,sell,2022-05-14 20:52:59.199063+00:00
2022-05-14T20:52:59.195552Z,8277503,0.00128000,31798.00000000,sell,2022-05-14 20:52:59.195552+00:00
2022-05-14T20:52:59.195552Z,8277502,0.00128000,42623.00000000,sell,2022-05-14 20:52:59.195552+00:00
2022-05-14T20:52:59.195552Z,8277501,0.00128000,80187.00000000,sell,2022-05-14 20:52:59.195552+00:00
2022-05-14T20:52:59.195552Z,8277500,0.00128000,40093.00000000,sell,2022-05-14 20:52:59.195552+00:00
2022-05-14T20:52:59.195552Z,8277499,0.00128000,20047.00000000,sell,2022-05-14 20:52:59.195552+00:00
2022-05-14T20:52:59.173444Z,8277498,0.00128000,35991.00000000,sell,2022-05-14 20:52:59.173444+00:00
2022-05-14T20:52:59.173444Z,8277497,0.00128000,180050.00000000,sell,2022-05-14 20:52:59.173444+00:00
2022-05-14T20:52:58.738433Z,8277496,0.00128000,319.00000000,sell,2022-05-14 20:52:58.738433+00:00
2022-05-14T20:52:40.89959Z,8277495,0.00128000,25281.00000000,sell,2022-05-14 20:52:40.899590+00:00
2022-05-14T20:52:40.89959Z,8277494,0.00128000,4400.00000000,sell,2022-05-14 20:52:40.899590+00:00
2022-05-14T20:52:25.935725Z,8277493,0.00127000,6319.00000000,buy,2022-05-14 20:52:25.935725+00:00
2022-05-14T20:52:24.97738Z,8277492,0.00128000,4400.00000000,buy,2022-05-14 20:52:24.977380+00:00
2022-05-14T20:52:24.968651Z,8277491,0.00128000,42623.00000000,buy,2022-05-14 20:52:24.968651+00:00
2022-05-14T20:52:24.968651Z,8277490,0.00128000,94663.00000000,buy,2022-05-14 20:52:24.968651+00:00
2022-05-14T20:52:24.842569Z,8277489,0.00128000,42623.00000000,buy,2022-05-14 20:52:24.842569+00:00
2022-05-14T20:52:24.842569Z,8277488,0.00128000,39600.00000000,buy,2022-05-14 20:52:24.842569+00:00
2022-05-14T20:52:24.842569Z,8277487,0.00128000,101650.00000000,buy,2022-05-14 20:52:24.842569+00:00
2022-05-14T20:52:24.842569Z,8277486,0.00128000,63656.00000000,buy,2022-05-14 20:52:24.842569+00:00
2022-05-14T20:52:24.745084Z,8277485,0.00128000,235338.00000000,buy,2022-05-14 20:52:24.745084+00:00
2022-05-14T20:52:24.744996Z,8277484,0.00128000,190893.00000000,buy,2022-05-14 20:52:24.744996+00:00
2022-05-14T20:52:24.744996Z,8277483,0.00128000,42623.00000000,buy,2022-05-14 20:52:24.744996+00:00
2022-05-14T20:52:24.744996Z,8277482,0.00128000,154950.00000000,buy,2022-05-14 20:52:24.744996+00:00
2022-05-14T20:52:24.744996Z,8277481,0.00128000,39600.00000000,buy,2022-05-14 20:52:24.744996+00:00
2022-05-14T20:52:24.744996Z,8277480,0.00128000,71933.00000000,buy,2022-05-14 20:52:24.744996+00:00
2022-05-14T20:52:24.744644Z,8277479,0.00128000,128067.00000000,buy,2022-05-14 20:52:24.744644+00:00
2022-05-14T20:52:24.744644Z,8277478,0.00128000,246932.00000000,buy,2022-05-14 20:52:24.744644+00:00
2022-05-14T20:52:19.750662Z,8277477,0.00129000,3009.00000000,sell,2022-05-14 20:52:19.750662+00:00
2022-05-14T20:52:11.126692Z,8277476,0.00128000,6049.00000000,buy,2022-05-14 20:52:11.126692+00:00
2022-05-14T20:52:10.134873Z,8277475,0.00129000,37321.00000000,sell,2022-05-14 20:52:10.134873+00:00
2022-05-14T20:51:58.919054Z,8277474,0.00128000,177739.00000000,sell,2022-05-14 20:51:58.919054+00:00
2022-05-14T20:51:58.919054Z,8277473,0.00128000,233236.00000000,sell,2022-05-14 20:51:58.919054+00:00
2022-05-14T20:51:58.904257Z,8277472,0.00128000,23646.00000000,buy,2022-05-14 20:51:58.904257+00:00
2022-05-14T20:51:58.892431Z,8277471,0.00128000,23646.00000000,sell,2022-05-14 20:51:58.892431+00:00
2022-05-14T20:51:58.876934Z,8277470,0.00128000,39600.00000000,sell,2022-05-14 20:51:58.876934+00:00
2022-05-14T20:51:58.87296Z,8277469,0.00128000,20622.00000000,sell,2022-05-14 20:51:58.872960+00:00
2022-05-14T20:51:58.857338Z,8277468,0.00128000,22001.00000000,sell,2022-05-14 20:51:58.857338+00:00
2022-05-14T20:51:58.857338Z,8277467,0.00128000,20622.00000000,sell,2022-05-14 20:51:58.857338+00:00
2022-05-14T20:51:58.852816Z,8277466,0.00128000,42623.00000000,sell,2022-05-14 20:51:58.852816+00:00
2022-05-14T20:51:58.808814Z,8277465,0.00128000,214748.00000000,sell,2022-05-14 20:51:58.808814+00:00
2022-05-14T20:51:58.805035Z,8277464,0.00128000,63245.00000000,sell,2022-05-14 20:51:58.805035+00:00
2022-05-14T20:51:58.801176Z,8277463,0.00128000,63245.00000000,sell,2022-05-14 20:51:58.801176+00:00
2022-05-14T20:51:58.798425Z,8277462,0.00128000,27375.00000000,sell,2022-05-14 20:51:58.798425+00:00
2022-05-14T20:51:58.798425Z,8277461,0.00128000,42623.00000000,sell,2022-05-14 20:51:58.798425+00:00
2022-05-14T20:51:58.798425Z,8277460,0.00128000,144750.00000000,sell,2022-05-14 20:51:58.798425+00:00
2022-05-14T20:51:58.782878Z,8277459,0.00128000,24141.00000000,sell,2022-05-14 20:51:58.782878+00:00
2022-05-14T20:51:58.782878Z,8277458,0.00128000,18482.00000000,sell,2022-05-14 20:51:58.782878+00:00
2022-05-14T20:51:58.778119Z,8277457,0.00128000,21118.00000000,sell,2022-05-14 20:51:58.778119+00:00
2022-05-14T20:51:58.778119Z,8277456,0.00128000,21505.00000000,sell,2022-05-14 20:51:58.778119+00:00
2022-05-14T20:51:58.759323Z,8277455,0.00128000,75385.00000000,sell,2022-05-14 20:51:58.759323+00:00
2022-05-14T20:51:58.759323Z,8277454,0.00128000,69365.00000000,sell,2022-05-14 20:51:58.759323+00:00
2022-05-14T20:51:58.751811Z,8277453,0.00128000,42514.00000000,sell,2022-05-14 20:51:58.751811+00:00
2022-05-14T20:51:58.748254Z,8277452,0.00128000,1275.00000000,sell,2022-05-14 20:51:58.748254+00:00
2022-05-14T20:51:58.744268Z,8277451,0.00128000,13337.00000000,sell,2022-05-14 20:51:58.744268+00:00
2022-05-14T20:51:58.744268Z,8277450,0.00128000,35.00000000,sell,2022-05-14 20:51:58.744268+00:00
2022-05-14T20:51:58.744268Z,8277449,0.00128000,26228.00000000,sell,2022-05-14 20:51:58.744268+00:00
2022-05-14T20:51:58.740705Z,8277448,0.00128000,39600.00000000,sell,2022-05-14 20:51:58.740705+00:00
2022-05-14T20:51:58.733202Z,8277447,0.00128000,21505.00000000,sell,2022-05-14 20:51:58.733202+00:00
