time,trade_id,price,size,side,date
2022-05-15T21:11:59.814316Z,844976,0.18030000,1723.20000000,sell,2022-05-15 21:11:59.814316+00:00
2022-05-15T21:11:59.814316Z,844975,0.18010000,5407.30000000,sell,2022-05-15 21:11:59.814316+00:00
2022-05-15T21:11:59.814316Z,844974,0.18010000,80000.00000000,sell,2022-05-15 21:11:59.814316+00:00
2022-05-15T21:11:59.814316Z,844973,0.18010000,4310.50000000,sell,2022-05-15 21:11:59.814316+00:00
2022-05-15T21:11:59.814316Z,844972,0.18000000,1960.00000000,sell,2022-05-15 21:11:59.814316+00:00
2022-05-15T21:11:59.814316Z,844971,0.18000000,33000.00000000,sell,2022-05-15 21:11:59.814316+00:00
2022-05-15T21:11:59.814316Z,844970,0.18000000,3097.70000000,sell,2022-05-15 21:11:59.814316+00:00
2022-05-15T21:11:59.814316Z,844969,0.17990000,309.80000000,sell,2022-05-15 21:11:59.814316+00:00
2022-05-15T21:11:59.814316Z,844968,0.17990000,866.30000000,sell,2022-05-15 21:11:59.814316+00:00
2022-05-15T21:10:59.459412Z,844967,0.17990000,12000.00000000,buy,2022-05-15 21:10:59.459412+00:00
2022-05-15T21:10:45.964348Z,844966,0.18000000,2006.60000000,buy,2022-05-15 21:10:45.964348+00:00
2022-05-15T21:10:43.860688Z,844965,0.18000000,2202.20000000,buy,2022-05-15 21:10:43.860688+00:00
2022-05-15T21:08:58.130124Z,844964,0.17990000,27.60000000,sell,2022-05-15 21:08:58.130124+00:00
2022-05-15T21:07:49.002655Z,844963,0.18050000,2085.40000000,sell,2022-05-15 21:07:49.002655+00:00
2022-05-15T21:07:49.002655Z,844962,0.18050000,309.80000000,sell,2022-05-15 21:07:49.002655+00:00
2022-05-15T21:07:49.002655Z,844961,0.18040000,3042.40000000,sell,2022-05-15 21:07:49.002655+00:00
2022-05-15T21:07:31.907186Z,844960,0.18030000,483.60000000,sell,2022-05-15 21:07:31.907186+00:00
2022-05-15T21:07:31.907186Z,844959,0.18020000,350.00000000,sell,2022-05-15 21:07:31.907186+00:00
2022-05-15T21:07:31.907186Z,844958,0.18020000,797.50000000,sell,2022-05-15 21:07:31.907186+00:00
2022-05-15T21:07:12.206567Z,844957,0.18000000,50.90000000,buy,2022-05-15 21:07:12.206567+00:00
2022-05-15T21:06:53.934043Z,844956,0.18040000,54.60000000,buy,2022-05-15 21:06:53.934043+00:00
2022-05-15T21:06:18.389758Z,844955,0.18050000,525.80000000,sell,2022-05-15 21:06:18.389758+00:00
2022-05-15T21:04:06.480726Z,844954,0.18040000,3.00000000,sell,2022-05-15 21:04:06.480726+00:00
2022-05-15T21:04:06.480726Z,844953,0.18040000,350.00000000,sell,2022-05-15 21:04:06.480726+00:00
2022-05-15T21:01:27.469792Z,844952,0.18030000,795.70000000,buy,2022-05-15 21:01:27.469792+00:00
2022-05-15T21:00:58.542934Z,844951,0.18020000,30.70000000,buy,2022-05-15 21:00:58.542934+00:00
2022-05-15T20:58:32.447049Z,844950,0.18050000,1277.30000000,sell,2022-05-15 20:58:32.447049+00:00
2022-05-15T20:58:32.447049Z,844949,0.18050000,350.00000000,sell,2022-05-15 20:58:32.447049+00:00
2022-05-15T20:58:30.911214Z,844948,0.18050000,5.50000000,sell,2022-05-15 20:58:30.911214+00:00
2022-05-15T20:58:30.688565Z,844947,0.18030000,33.20000000,buy,2022-05-15 20:58:30.688565+00:00
2022-05-15T20:58:22.181896Z,844946,0.18030000,1628.60000000,buy,2022-05-15 20:58:22.181896+00:00
2022-05-15T20:58:22.181896Z,844945,0.18040000,350.00000000,buy,2022-05-15 20:58:22.181896+00:00
2022-05-15T20:55:31.226749Z,844944,0.17990000,9.40000000,buy,2022-05-15 20:55:31.226749+00:00
2022-05-15T20:54:31.501275Z,844943,0.18030000,283.00000000,sell,2022-05-15 20:54:31.501275+00:00
2022-05-15T20:53:21.041609Z,844942,0.18060000,134.00000000,sell,2022-05-15 20:53:21.041609+00:00
2022-05-15T20:53:21.041609Z,844941,0.18060000,350.00000000,sell,2022-05-15 20:53:21.041609+00:00
2022-05-15T20:53:21.041609Z,844940,0.18050000,433.20000000,sell,2022-05-15 20:53:21.041609+00:00
2022-05-15T20:53:21.041609Z,844939,0.18050000,3.00000000,sell,2022-05-15 20:53:21.041609+00:00
2022-05-15T20:51:19.51041Z,844938,0.18020000,276.00000000,sell,2022-05-15 20:51:19.510410+00:00
2022-05-15T20:49:43.129052Z,844937,0.18000000,49.80000000,sell,2022-05-15 20:49:43.129052+00:00
2022-05-15T20:47:29.495576Z,844936,0.17980000,55.70000000,buy,2022-05-15 20:47:29.495576+00:00
2022-05-15T20:47:21.812793Z,844935,0.17970000,1609.80000000,sell,2022-05-15 20:47:21.812793+00:00
2022-05-15T20:47:20.673818Z,844934,0.17950000,414.30000000,sell,2022-05-15 20:47:20.673818+00:00
2022-05-15T20:47:20.673818Z,844933,0.17950000,498.30000000,sell,2022-05-15 20:47:20.673818+00:00
2022-05-15T20:47:17.426613Z,844932,0.17940000,51.90000000,buy,2022-05-15 20:47:17.426613+00:00
2022-05-15T20:47:09.977152Z,844931,0.17940000,51.60000000,sell,2022-05-15 20:47:09.977152+00:00
2022-05-15T20:44:08.410407Z,844930,0.17900000,137.50000000,buy,2022-05-15 20:44:08.410407+00:00
2022-05-15T20:41:59.825631Z,844929,0.17900000,130.70000000,sell,2022-05-15 20:41:59.825631+00:00
2022-05-15T20:40:47.301281Z,844928,0.17920000,51.00000000,sell,2022-05-15 20:40:47.301281+00:00
2022-05-15T20:39:30.874843Z,844927,0.17890000,482.10000000,sell,2022-05-15 20:39:30.874843+00:00
2022-05-15T20:38:58.910452Z,844926,0.17880000,62.20000000,sell,2022-05-15 20:38:58.910452+00:00
2022-05-15T20:37:18.090991Z,844925,0.17890000,556.20000000,sell,2022-05-15 20:37:18.090991+00:00
2022-05-15T20:36:57.309527Z,844924,0.17870000,146.70000000,sell,2022-05-15 20:36:57.309527+00:00
2022-05-15T20:35:10.826095Z,844923,0.17860000,47.20000000,sell,2022-05-15 20:35:10.826095+00:00
2022-05-15T20:35:10.826095Z,844922,0.17860000,3.00000000,sell,2022-05-15 20:35:10.826095+00:00
2022-05-15T20:33:55.736069Z,844921,0.17780000,3.00000000,sell,2022-05-15 20:33:55.736069+00:00
2022-05-15T20:32:25.143434Z,844920,0.17770000,28.00000000,buy,2022-05-15 20:32:25.143434+00:00
2022-05-15T20:31:40.301648Z,844919,0.17700000,56.40000000,buy,2022-05-15 20:31:40.301648+00:00
2022-05-15T20:31:08.006326Z,844918,0.17720000,281.60000000,sell,2022-05-15 20:31:08.006326+00:00
2022-05-15T20:30:30.395654Z,844917,0.17680000,18.80000000,buy,2022-05-15 20:30:30.395654+00:00
2022-05-15T20:28:42.386456Z,844916,0.17760000,184.90000000,sell,2022-05-15 20:28:42.386456+00:00
2022-05-15T20:27:20.963788Z,844915,0.17740000,75.70000000,sell,2022-05-15 20:27:20.963788+00:00
2022-05-15T20:27:13.468823Z,844914,0.17720000,199.70000000,buy,2022-05-15 20:27:13.468823+00:00
2022-05-15T20:26:11.829151Z,844913,0.17750000,415.70000000,sell,2022-05-15 20:26:11.829151+00:00
2022-05-15T20:26:11.829151Z,844912,0.17740000,350.00000000,sell,2022-05-15 20:26:11.829151+00:00
2022-05-15T20:26:05.800476Z,844911,0.17680000,595.30000000,buy,2022-05-15 20:26:05.800476+00:00
2022-05-15T20:26:05.800476Z,844910,0.17680000,309.80000000,buy,2022-05-15 20:26:05.800476+00:00
2022-05-15T20:26:05.800476Z,844909,0.17690000,3.00000000,buy,2022-05-15 20:26:05.800476+00:00
2022-05-15T20:26:05.800476Z,844908,0.17690000,63.50000000,buy,2022-05-15 20:26:05.800476+00:00
2022-05-15T20:26:05.800476Z,844907,0.17700000,1977.70000000,buy,2022-05-15 20:26:05.800476+00:00
2022-05-15T20:25:51.552742Z,844906,0.17690000,11.30000000,buy,2022-05-15 20:25:51.552742+00:00
2022-05-15T20:25:05.94108Z,844905,0.17690000,26.70000000,buy,2022-05-15 20:25:05.941080+00:00
2022-05-15T20:22:59.969145Z,844904,0.17650000,309.50000000,buy,2022-05-15 20:22:59.969145+00:00
2022-05-15T20:21:59.605799Z,844903,0.17750000,49.40000000,buy,2022-05-15 20:21:59.605799+00:00
2022-05-15T20:21:52.624219Z,844902,0.17750000,218.60000000,buy,2022-05-15 20:21:52.624219+00:00
2022-05-15T20:21:52.624219Z,844901,0.17750000,70.00000000,buy,2022-05-15 20:21:52.624219+00:00
2022-05-15T20:20:50.912615Z,844900,0.17790000,60.70000000,sell,2022-05-15 20:20:50.912615+00:00
2022-05-15T20:17:42.102585Z,844899,0.17760000,22.60000000,buy,2022-05-15 20:17:42.102585+00:00
2022-05-15T20:17:05.750653Z,844898,0.17760000,219.50000000,buy,2022-05-15 20:17:05.750653+00:00
2022-05-15T20:17:05.750653Z,844897,0.17770000,350.00000000,buy,2022-05-15 20:17:05.750653+00:00
2022-05-15T20:15:53.780931Z,844896,0.17760000,4.00000000,buy,2022-05-15 20:15:53.780931+00:00
2022-05-15T20:14:02.53421Z,844895,0.17750000,3105.70000000,sell,2022-05-15 20:14:02.534210+00:00
2022-05-15T20:13:35.421424Z,844894,0.17730000,32.60000000,buy,2022-05-15 20:13:35.421424+00:00
2022-05-15T20:13:34.82164Z,844893,0.17730000,1553.00000000,buy,2022-05-15 20:13:34.821640+00:00
2022-05-15T20:13:28.290588Z,844892,0.17750000,350.00000000,buy,2022-05-15 20:13:28.290588+00:00
2022-05-15T20:13:11.270565Z,844891,0.17860000,1585.60000000,sell,2022-05-15 20:13:11.270565+00:00
2022-05-15T20:13:11.270565Z,844890,0.17840000,681.50000000,sell,2022-05-15 20:13:11.270565+00:00
2022-05-15T20:13:03.476724Z,844889,0.17830000,213.70000000,sell,2022-05-15 20:13:03.476724+00:00
2022-05-15T20:12:58.195335Z,844888,0.17760000,350.00000000,buy,2022-05-15 20:12:58.195335+00:00
2022-05-15T20:12:56.697329Z,844887,0.17740000,1362.90000000,sell,2022-05-15 20:12:56.697329+00:00
2022-05-15T20:12:55.886214Z,844886,0.17750000,3481.40000000,sell,2022-05-15 20:12:55.886214+00:00
2022-05-15T20:12:55.817875Z,844885,0.17750000,545.70000000,sell,2022-05-15 20:12:55.817875+00:00
2022-05-15T20:12:55.817875Z,844884,0.17750000,498.30000000,sell,2022-05-15 20:12:55.817875+00:00
2022-05-15T20:12:55.817875Z,844883,0.17740000,2725.90000000,sell,2022-05-15 20:12:55.817875+00:00
2022-05-15T20:12:55.817875Z,844882,0.17740000,51.60000000,sell,2022-05-15 20:12:55.817875+00:00
2022-05-15T20:12:52.452235Z,844881,0.17690000,128.60000000,buy,2022-05-15 20:12:52.452235+00:00
2022-05-15T20:12:07.164994Z,844880,0.17630000,84.70000000,buy,2022-05-15 20:12:07.164994+00:00
2022-05-15T20:11:39.160637Z,844879,0.17640000,22.60000000,sell,2022-05-15 20:11:39.160637+00:00
2022-05-15T20:10:08.886936Z,844878,0.17590000,2.90000000,buy,2022-05-15 20:10:08.886936+00:00
2022-05-15T20:08:05.914937Z,844877,0.17600000,1416.00000000,buy,2022-05-15 20:08:05.914937+00:00
2022-05-15T20:08:05.914937Z,844876,0.17610000,350.00000000,buy,2022-05-15 20:08:05.914937+00:00
2022-05-15T20:06:20.189934Z,844875,0.17640000,338.40000000,sell,2022-05-15 20:06:20.189934+00:00
2022-05-15T20:05:53.306558Z,844874,0.17640000,22.60000000,sell,2022-05-15 20:05:53.306558+00:00
2022-05-15T20:05:11.302559Z,844873,0.17650000,2236.30000000,buy,2022-05-15 20:05:11.302559+00:00
2022-05-15T20:05:10.121918Z,844872,0.17650000,2763.70000000,buy,2022-05-15 20:05:10.121918+00:00
2022-05-15T20:04:21.162052Z,844871,0.17610000,42.90000000,buy,2022-05-15 20:04:21.162052+00:00
2022-05-15T19:58:07.139119Z,844870,0.17590000,28.20000000,buy,2022-05-15 19:58:07.139119+00:00
2022-05-15T19:56:08.901214Z,844869,0.17580000,571.40000000,sell,2022-05-15 19:56:08.901214+00:00
2022-05-15T19:54:26.813388Z,844868,0.17580000,5.70000000,sell,2022-05-15 19:54:26.813388+00:00
2022-05-15T19:53:35.744327Z,844867,0.17560000,2006.00000000,buy,2022-05-15 19:53:35.744327+00:00
2022-05-15T19:53:35.744327Z,844866,0.17570000,4.00000000,buy,2022-05-15 19:53:35.744327+00:00
2022-05-15T19:51:26.756388Z,844865,0.17600000,1902.80000000,sell,2022-05-15 19:51:26.756388+00:00
2022-05-15T19:47:08.124158Z,844864,0.17610000,57.70000000,buy,2022-05-15 19:47:08.124158+00:00
2022-05-15T19:46:52.309269Z,844863,0.17660000,1906.20000000,buy,2022-05-15 19:46:52.309269+00:00
2022-05-15T19:46:52.10843Z,844862,0.17660000,343.00000000,buy,2022-05-15 19:46:52.108430+00:00
2022-05-15T19:46:11.200284Z,844861,0.17610000,1.80000000,buy,2022-05-15 19:46:11.200284+00:00
2022-05-15T19:46:08.446508Z,844860,0.17630000,72.00000000,sell,2022-05-15 19:46:08.446508+00:00
2022-05-15T19:46:08.446508Z,844859,0.17630000,210.00000000,sell,2022-05-15 19:46:08.446508+00:00
2022-05-15T19:44:09.634741Z,844858,0.17630000,1488.70000000,sell,2022-05-15 19:44:09.634741+00:00
2022-05-15T19:44:09.634741Z,844857,0.17620000,632.80000000,sell,2022-05-15 19:44:09.634741+00:00
2022-05-15T19:44:09.634741Z,844856,0.17620000,350.00000000,sell,2022-05-15 19:44:09.634741+00:00
2022-05-15T19:44:09.634741Z,844855,0.17620000,309.80000000,sell,2022-05-15 19:44:09.634741+00:00
2022-05-15T19:42:22.069003Z,844854,0.17610000,178.30000000,sell,2022-05-15 19:42:22.069003+00:00
2022-05-15T19:42:22.069003Z,844853,0.17600000,350.00000000,sell,2022-05-15 19:42:22.069003+00:00
2022-05-15T19:42:22.069003Z,844852,0.17600000,309.80000000,sell,2022-05-15 19:42:22.069003+00:00
2022-05-15T19:41:53.428905Z,844851,0.17570000,974.00000000,buy,2022-05-15 19:41:53.428905+00:00
2022-05-15T19:41:53.428905Z,844850,0.17580000,350.00000000,buy,2022-05-15 19:41:53.428905+00:00
2022-05-15T19:37:54.433232Z,844849,0.17590000,104.50000000,sell,2022-05-15 19:37:54.433232+00:00
2022-05-15T19:37:46.812107Z,844848,0.17580000,260.00000000,buy,2022-05-15 19:37:46.812107+00:00
2022-05-15T19:37:46.761882Z,844847,0.17580000,752.20000000,buy,2022-05-15 19:37:46.761882+00:00
2022-05-15T19:37:46.761882Z,844846,0.17580000,309.80000000,buy,2022-05-15 19:37:46.761882+00:00
2022-05-15T19:37:46.761882Z,844845,0.17590000,928.00000000,buy,2022-05-15 19:37:46.761882+00:00
2022-05-15T19:37:46.761882Z,844844,0.17600000,350.00000000,buy,2022-05-15 19:37:46.761882+00:00
2022-05-15T19:37:46.694869Z,844843,0.17600000,906.60000000,buy,2022-05-15 19:37:46.694869+00:00
2022-05-15T19:33:28.234805Z,844842,0.17570000,14.70000000,buy,2022-05-15 19:33:28.234805+00:00
2022-05-15T19:31:01.597727Z,844841,0.17520000,80.40000000,buy,2022-05-15 19:31:01.597727+00:00
2022-05-15T19:27:18.828414Z,844840,0.17540000,33.50000000,sell,2022-05-15 19:27:18.828414+00:00
2022-05-15T19:27:18.828414Z,844839,0.17540000,3951.80000000,sell,2022-05-15 19:27:18.828414+00:00
2022-05-15T19:27:18.828414Z,844838,0.17530000,350.00000000,sell,2022-05-15 19:27:18.828414+00:00
2022-05-15T19:27:18.828414Z,844837,0.17530000,1080.70000000,sell,2022-05-15 19:27:18.828414+00:00
2022-05-15T19:27:18.828414Z,844836,0.17530000,309.80000000,sell,2022-05-15 19:27:18.828414+00:00
2022-05-15T19:26:49.317848Z,844835,0.17520000,328.20000000,sell,2022-05-15 19:26:49.317848+00:00
2022-05-15T19:26:49.317848Z,844834,0.17520000,350.00000000,sell,2022-05-15 19:26:49.317848+00:00
2022-05-15T19:26:49.317848Z,844833,0.17520000,2161.30000000,sell,2022-05-15 19:26:49.317848+00:00
2022-05-15T19:25:59.872543Z,844832,0.17520000,2805.80000000,sell,2022-05-15 19:25:59.872543+00:00
2022-05-15T19:25:59.872543Z,844831,0.17510000,551.60000000,sell,2022-05-15 19:25:59.872543+00:00
2022-05-15T19:24:51.168996Z,844830,0.17530000,272.20000000,sell,2022-05-15 19:24:51.168996+00:00
2022-05-15T19:20:44.778847Z,844829,0.17600000,29.50000000,sell,2022-05-15 19:20:44.778847+00:00
2022-05-15T19:16:32.920245Z,844828,0.17510000,22.80000000,sell,2022-05-15 19:16:32.920245+00:00
2022-05-15T19:09:11.419023Z,844827,0.17520000,105.10000000,sell,2022-05-15 19:09:11.419023+00:00
2022-05-15T19:09:10.58497Z,844826,0.17530000,2462.10000000,sell,2022-05-15 19:09:10.584970+00:00
2022-05-15T19:09:10.58497Z,844825,0.17510000,3128.30000000,sell,2022-05-15 19:09:10.584970+00:00
2022-05-15T19:06:20.172081Z,844824,0.17550000,187.40000000,sell,2022-05-15 19:06:20.172081+00:00
2022-05-15T19:05:50.93546Z,844823,0.17530000,194.00000000,sell,2022-05-15 19:05:50.935460+00:00
2022-05-15T19:02:52.159754Z,844822,0.17480000,273.30000000,sell,2022-05-15 19:02:52.159754+00:00
2022-05-15T19:01:47.955266Z,844821,0.17500000,571.40000000,sell,2022-05-15 19:01:47.955266+00:00
2022-05-15T19:00:24.912756Z,844820,0.17510000,221.40000000,buy,2022-05-15 19:00:24.912756+00:00
2022-05-15T19:00:24.912756Z,844819,0.17510000,350.00000000,buy,2022-05-15 19:00:24.912756+00:00
2022-05-15T18:59:59.704607Z,844818,0.17560000,306.00000000,buy,2022-05-15 18:59:59.704607+00:00
2022-05-15T18:59:59.697354Z,844817,0.17570000,309.80000000,buy,2022-05-15 18:59:59.697354+00:00
2022-05-15T18:58:37.723248Z,844816,0.17580000,82.80000000,buy,2022-05-15 18:58:37.723248+00:00
2022-05-15T18:58:19.4417Z,844815,0.17590000,86.60000000,buy,2022-05-15 18:58:19.441700+00:00
2022-05-15T18:55:01.899052Z,844814,0.17580000,22.70000000,sell,2022-05-15 18:55:01.899052+00:00
2022-05-15T18:53:21.968907Z,844813,0.17550000,250.00000000,sell,2022-05-15 18:53:21.968907+00:00
2022-05-15T18:51:53.972754Z,844812,0.17500000,56.80000000,sell,2022-05-15 18:51:53.972754+00:00
2022-05-15T18:50:08.206641Z,844811,0.17480000,222.00000000,buy,2022-05-15 18:50:08.206641+00:00
2022-05-15T18:50:08.206641Z,844810,0.17490000,350.00000000,buy,2022-05-15 18:50:08.206641+00:00
2022-05-15T18:50:08.206641Z,844809,0.17490000,860.60000000,buy,2022-05-15 18:50:08.206641+00:00
2022-05-15T18:49:57.425511Z,844808,0.17510000,22.80000000,sell,2022-05-15 18:49:57.425511+00:00
2022-05-15T18:46:01.920837Z,844807,0.17630000,564.30000000,sell,2022-05-15 18:46:01.920837+00:00
2022-05-15T18:45:48.097046Z,844806,0.17610000,3.50000000,buy,2022-05-15 18:45:48.097046+00:00
2022-05-15T18:44:46.42143Z,844805,0.17650000,5.50000000,buy,2022-05-15 18:44:46.421430+00:00
2022-05-15T18:44:28.513814Z,844804,0.17640000,2117.90000000,buy,2022-05-15 18:44:28.513814+00:00
2022-05-15T18:44:23.609428Z,844803,0.17630000,4.00000000,sell,2022-05-15 18:44:23.609428+00:00
2022-05-15T18:44:00.799777Z,844802,0.17630000,50.90000000,sell,2022-05-15 18:44:00.799777+00:00
2022-05-15T18:43:05.784555Z,844801,0.17590000,29.60000000,buy,2022-05-15 18:43:05.784555+00:00
2022-05-15T18:42:49.159679Z,844800,0.17590000,5.70000000,buy,2022-05-15 18:42:49.159679+00:00
2022-05-15T18:42:26.309099Z,844799,0.17610000,5.40000000,sell,2022-05-15 18:42:26.309099+00:00
2022-05-15T18:41:59.694712Z,844798,0.17600000,51.90000000,sell,2022-05-15 18:41:59.694712+00:00
2022-05-15T18:41:47.696917Z,844797,0.17550000,15.50000000,buy,2022-05-15 18:41:47.696917+00:00
2022-05-15T18:41:26.250245Z,844796,0.17550000,498.30000000,sell,2022-05-15 18:41:26.250245+00:00
2022-05-15T18:41:26.250245Z,844795,0.17550000,51.60000000,sell,2022-05-15 18:41:26.250245+00:00
2022-05-15T18:40:47.88509Z,844794,0.17430000,3.00000000,sell,2022-05-15 18:40:47.885090+00:00
2022-05-15T18:39:26.840597Z,844793,0.17350000,50.00000000,sell,2022-05-15 18:39:26.840597+00:00
2022-05-15T18:39:26.840597Z,844792,0.17350000,350.00000000,sell,2022-05-15 18:39:26.840597+00:00
2022-05-15T18:32:57.924761Z,844791,0.17210000,16.80000000,buy,2022-05-15 18:32:57.924761+00:00
2022-05-15T18:30:22.992205Z,844790,0.17280000,1419.40000000,sell,2022-05-15 18:30:22.992205+00:00
2022-05-15T18:30:07.763531Z,844789,0.17280000,50.00000000,sell,2022-05-15 18:30:07.763531+00:00
2022-05-15T18:30:07.763531Z,844788,0.17280000,350.00000000,sell,2022-05-15 18:30:07.763531+00:00
2022-05-15T18:30:04.602507Z,844787,0.17300000,3.00000000,buy,2022-05-15 18:30:04.602507+00:00
2022-05-15T18:29:48.196724Z,844786,0.17340000,498.30000000,buy,2022-05-15 18:29:48.196724+00:00
2022-05-15T18:29:23.028408Z,844785,0.17350000,594.40000000,buy,2022-05-15 18:29:23.028408+00:00
2022-05-15T18:29:22.153498Z,844784,0.17360000,7.00000000,buy,2022-05-15 18:29:22.153498+00:00
2022-05-15T18:29:22.153498Z,844783,0.17360000,51.60000000,buy,2022-05-15 18:29:22.153498+00:00
2022-05-15T18:28:04.004136Z,844782,0.17430000,553.10000000,buy,2022-05-15 18:28:04.004136+00:00
2022-05-15T18:26:48.301699Z,844781,0.17480000,111.60000000,buy,2022-05-15 18:26:48.301699+00:00
2022-05-15T18:25:22.324503Z,844780,0.17490000,1514.40000000,sell,2022-05-15 18:25:22.324503+00:00
2022-05-15T18:23:39.340299Z,844779,0.17480000,116.40000000,buy,2022-05-15 18:23:39.340299+00:00
2022-05-15T18:22:48.879562Z,844778,0.17550000,62.60000000,sell,2022-05-15 18:22:48.879562+00:00
2022-05-15T18:20:44.796247Z,844777,0.17540000,304.00000000,buy,2022-05-15 18:20:44.796247+00:00
2022-05-15T18:18:34.179636Z,844776,0.17560000,5.70000000,sell,2022-05-15 18:18:34.179636+00:00
2022-05-15T18:15:46.033413Z,844775,0.17570000,1638.50000000,buy,2022-05-15 18:15:46.033413+00:00
2022-05-15T18:14:00.93313Z,844774,0.17500000,51.30000000,sell,2022-05-15 18:14:00.933130+00:00
2022-05-15T18:13:23.885736Z,844773,0.17480000,2.50000000,buy,2022-05-15 18:13:23.885736+00:00
2022-05-15T18:13:16.477458Z,844772,0.17490000,51.30000000,sell,2022-05-15 18:13:16.477458+00:00
2022-05-15T18:10:57.031567Z,844771,0.17480000,115.60000000,buy,2022-05-15 18:10:57.031567+00:00
2022-05-15T18:07:51.946288Z,844770,0.17500000,187.70000000,sell,2022-05-15 18:07:51.946288+00:00
2022-05-15T18:07:35.31302Z,844769,0.17500000,13.60000000,sell,2022-05-15 18:07:35.313020+00:00
2022-05-15T18:04:51.62227Z,844768,0.17560000,130.40000000,buy,2022-05-15 18:04:51.622270+00:00
2022-05-15T18:03:56.9863Z,844767,0.17650000,7.00000000,buy,2022-05-15 18:03:56.986300+00:00
2022-05-15T18:03:56.984393Z,844766,0.17650000,343.00000000,buy,2022-05-15 18:03:56.984393+00:00
2022-05-15T18:03:52.366017Z,844765,0.17550000,498.30000000,sell,2022-05-15 18:03:52.366017+00:00
2022-05-15T18:03:52.366017Z,844764,0.17550000,51.60000000,sell,2022-05-15 18:03:52.366017+00:00
2022-05-15T18:03:36.583729Z,844763,0.17430000,4.00000000,sell,2022-05-15 18:03:36.583729+00:00
2022-05-15T18:01:18.833262Z,844762,0.17490000,206.10000000,sell,2022-05-15 18:01:18.833262+00:00
2022-05-15T18:00:24.378377Z,844761,0.17480000,296.10000000,sell,2022-05-15 18:00:24.378377+00:00
2022-05-15T17:59:02.218302Z,844760,0.17460000,726.80000000,sell,2022-05-15 17:59:02.218302+00:00
2022-05-15T17:59:01.167867Z,844759,0.17450000,485.00000000,sell,2022-05-15 17:59:01.167867+00:00
2022-05-15T17:56:26.283475Z,844758,0.17410000,3.90000000,buy,2022-05-15 17:56:26.283475+00:00
2022-05-15T17:56:05.002881Z,844757,0.17410000,30.10000000,buy,2022-05-15 17:56:05.002881+00:00
2022-05-15T17:55:54.766158Z,844756,0.17390000,8.00000000,sell,2022-05-15 17:55:54.766158+00:00
2022-05-15T17:54:32.359713Z,844755,0.17370000,5.60000000,sell,2022-05-15 17:54:32.359713+00:00
2022-05-15T17:51:59.594349Z,844754,0.17430000,4.40000000,sell,2022-05-15 17:51:59.594349+00:00
2022-05-15T17:51:22.799602Z,844753,0.17430000,649.80000000,buy,2022-05-15 17:51:22.799602+00:00
2022-05-15T17:49:30.489179Z,844752,0.17440000,1377.30000000,buy,2022-05-15 17:49:30.489179+00:00
2022-05-15T17:49:13.806807Z,844751,0.17470000,1500.90000000,buy,2022-05-15 17:49:13.806807+00:00
2022-05-15T17:49:13.806807Z,844750,0.17480000,350.00000000,buy,2022-05-15 17:49:13.806807+00:00
2022-05-15T17:47:13.215083Z,844749,0.17500000,63.80000000,buy,2022-05-15 17:47:13.215083+00:00
2022-05-15T17:45:43.930327Z,844748,0.17500000,5.70000000,sell,2022-05-15 17:45:43.930327+00:00
2022-05-15T17:44:25.891945Z,844747,0.17510000,76.80000000,sell,2022-05-15 17:44:25.891945+00:00
2022-05-15T17:41:21.568006Z,844746,0.17520000,295.50000000,sell,2022-05-15 17:41:21.568006+00:00
2022-05-15T17:41:21.568006Z,844745,0.17520000,3097.70000000,sell,2022-05-15 17:41:21.568006+00:00
2022-05-15T17:41:21.568006Z,844744,0.17510000,570.00000000,sell,2022-05-15 17:41:21.568006+00:00
2022-05-15T17:41:21.568006Z,844743,0.17510000,309.80000000,sell,2022-05-15 17:41:21.568006+00:00
2022-05-15T17:41:21.568006Z,844742,0.17500000,980.10000000,sell,2022-05-15 17:41:21.568006+00:00
2022-05-15T17:41:21.568006Z,844741,0.17500000,350.00000000,sell,2022-05-15 17:41:21.568006+00:00
2022-05-15T17:38:40.781417Z,844740,0.17440000,273.90000000,sell,2022-05-15 17:38:40.781417+00:00
2022-05-15T17:37:36.188357Z,844739,0.17420000,169.10000000,buy,2022-05-15 17:37:36.188357+00:00
2022-05-15T17:33:42.477745Z,844738,0.17370000,1960.20000000,sell,2022-05-15 17:33:42.477745+00:00
2022-05-15T17:29:58.632014Z,844737,0.17410000,338.00000000,buy,2022-05-15 17:29:58.632014+00:00
2022-05-15T17:27:43.55677Z,844736,0.17430000,273.90000000,sell,2022-05-15 17:27:43.556770+00:00
2022-05-15T17:27:27.575237Z,844735,0.17430000,553.00000000,sell,2022-05-15 17:27:27.575237+00:00
2022-05-15T17:26:32.277354Z,844734,0.17410000,59.90000000,buy,2022-05-15 17:26:32.277354+00:00
2022-05-15T17:23:17.528181Z,844733,0.17410000,9.20000000,buy,2022-05-15 17:23:17.528181+00:00
2022-05-15T17:23:01.054177Z,844732,0.17440000,105.70000000,sell,2022-05-15 17:23:01.054177+00:00
2022-05-15T17:22:55.56712Z,844731,0.17430000,5.70000000,sell,2022-05-15 17:22:55.567120+00:00
2022-05-15T17:20:41.009039Z,844730,0.17450000,28.60000000,buy,2022-05-15 17:20:41.009039+00:00
2022-05-15T17:15:46.163654Z,844729,0.17480000,23.10000000,sell,2022-05-15 17:15:46.163654+00:00
2022-05-15T17:12:06.692084Z,844728,0.17440000,51.40000000,sell,2022-05-15 17:12:06.692084+00:00
2022-05-15T17:11:56.041842Z,844727,0.17410000,445.50000000,buy,2022-05-15 17:11:56.041842+00:00
2022-05-15T17:11:56.041842Z,844726,0.17410000,3.00000000,buy,2022-05-15 17:11:56.041842+00:00
2022-05-15T17:11:51.339399Z,844725,0.17440000,80.40000000,sell,2022-05-15 17:11:51.339399+00:00
2022-05-15T17:09:09.396093Z,844724,0.17470000,1533.20000000,buy,2022-05-15 17:09:09.396093+00:00
2022-05-15T17:09:09.396093Z,844723,0.17480000,350.00000000,buy,2022-05-15 17:09:09.396093+00:00
2022-05-15T17:09:04.746622Z,844722,0.17490000,319.80000000,sell,2022-05-15 17:09:04.746622+00:00
2022-05-15T17:07:15.789114Z,844721,0.17500000,23.70000000,sell,2022-05-15 17:07:15.789114+00:00
2022-05-15T17:00:47.312746Z,844720,0.17490000,51.30000000,sell,2022-05-15 17:00:47.312746+00:00
2022-05-15T16:58:58.760629Z,844719,0.17490000,80.80000000,buy,2022-05-15 16:58:58.760629+00:00
2022-05-15T16:58:58.760629Z,844718,0.17500000,329.60000000,buy,2022-05-15 16:58:58.760629+00:00
2022-05-15T16:58:44.677395Z,844717,0.17520000,211.40000000,sell,2022-05-15 16:58:44.677395+00:00
2022-05-15T16:57:40.579288Z,844716,0.17510000,9.90000000,buy,2022-05-15 16:57:40.579288+00:00
2022-05-15T16:55:23.686979Z,844715,0.17500000,38.20000000,buy,2022-05-15 16:55:23.686979+00:00
2022-05-15T16:53:55.426412Z,844714,0.17510000,200.00000000,buy,2022-05-15 16:53:55.426412+00:00
2022-05-15T16:49:23.402103Z,844713,0.17440000,2.80000000,sell,2022-05-15 16:49:23.402103+00:00
2022-05-15T16:46:56.143272Z,844712,0.17500000,1.80000000,sell,2022-05-15 16:46:56.143272+00:00
2022-05-15T16:46:32.489774Z,844711,0.17480000,1808.50000000,buy,2022-05-15 16:46:32.489774+00:00
2022-05-15T16:45:24.775684Z,844710,0.17450000,29.90000000,buy,2022-05-15 16:45:24.775684+00:00
2022-05-15T16:44:29.742936Z,844709,0.17470000,2342.40000000,buy,2022-05-15 16:44:29.742936+00:00
2022-05-15T16:44:29.742936Z,844708,0.17480000,3097.70000000,buy,2022-05-15 16:44:29.742936+00:00
2022-05-15T16:44:29.742936Z,844707,0.17490000,309.80000000,buy,2022-05-15 16:44:29.742936+00:00
2022-05-15T16:44:19.40014Z,844706,0.17520000,1931.90000000,sell,2022-05-15 16:44:19.400140+00:00
2022-05-15T16:44:18.663324Z,844705,0.17500000,4.00000000,sell,2022-05-15 16:44:18.663324+00:00
2022-05-15T16:42:20.825822Z,844704,0.17410000,1118.20000000,buy,2022-05-15 16:42:20.825822+00:00
2022-05-15T16:42:20.825822Z,844703,0.17410000,280.00000000,buy,2022-05-15 16:42:20.825822+00:00
2022-05-15T16:42:14.576464Z,844702,0.17410000,15.00000000,buy,2022-05-15 16:42:14.576464+00:00
2022-05-15T16:41:50.855306Z,844701,0.17420000,846.90000000,buy,2022-05-15 16:41:50.855306+00:00
2022-05-15T16:41:50.855306Z,844700,0.17430000,350.00000000,buy,2022-05-15 16:41:50.855306+00:00
2022-05-15T16:40:20.805183Z,844699,0.17360000,250.30000000,buy,2022-05-15 16:40:20.805183+00:00
2022-05-15T16:40:20.805183Z,844698,0.17370000,350.00000000,buy,2022-05-15 16:40:20.805183+00:00
2022-05-15T16:39:50.747205Z,844697,0.17380000,49.60000000,buy,2022-05-15 16:39:50.747205+00:00
2022-05-15T16:39:50.747205Z,844696,0.17380000,350.00000000,buy,2022-05-15 16:39:50.747205+00:00
2022-05-15T16:39:20.738773Z,844695,0.17360000,196.00000000,buy,2022-05-15 16:39:20.738773+00:00
2022-05-15T16:39:20.738773Z,844694,0.17370000,4.00000000,buy,2022-05-15 16:39:20.738773+00:00
2022-05-15T16:38:58.415276Z,844693,0.17360000,51.60000000,sell,2022-05-15 16:38:58.415276+00:00
2022-05-15T16:37:54.343473Z,844692,0.17340000,169.30000000,buy,2022-05-15 16:37:54.343473+00:00
2022-05-15T16:36:28.659173Z,844691,0.17320000,11.80000000,sell,2022-05-15 16:36:28.659173+00:00
2022-05-15T16:36:28.659173Z,844690,0.17320000,102.50000000,sell,2022-05-15 16:36:28.659173+00:00
2022-05-15T16:36:28.659173Z,844689,0.17310000,210.00000000,sell,2022-05-15 16:36:28.659173+00:00
2022-05-15T16:35:07.510835Z,844688,0.17280000,1254.80000000,sell,2022-05-15 16:35:07.510835+00:00
2022-05-15T16:35:07.510835Z,844687,0.17270000,350.00000000,sell,2022-05-15 16:35:07.510835+00:00
2022-05-15T16:35:07.510835Z,844686,0.17270000,102.50000000,sell,2022-05-15 16:35:07.510835+00:00
2022-05-15T16:34:51.593825Z,844685,0.17170000,1284.80000000,sell,2022-05-15 16:34:51.593825+00:00
2022-05-15T16:34:51.549113Z,844684,0.17150000,25.90000000,sell,2022-05-15 16:34:51.549113+00:00
2022-05-15T16:34:51.49793Z,844683,0.17150000,3929.00000000,sell,2022-05-15 16:34:51.497930+00:00
2022-05-15T16:34:51.445821Z,844682,0.17150000,8729.90000000,sell,2022-05-15 16:34:51.445821+00:00
2022-05-15T16:34:51.442405Z,844681,0.17150000,4239.90000000,sell,2022-05-15 16:34:51.442405+00:00
2022-05-15T16:34:50.610319Z,844680,0.17150000,10150.00000000,sell,2022-05-15 16:34:50.610319+00:00
2022-05-15T16:34:50.592497Z,844679,0.17150000,5176.00000000,sell,2022-05-15 16:34:50.592497+00:00
2022-05-15T16:34:50.538002Z,844678,0.17150000,2749.30000000,sell,2022-05-15 16:34:50.538002+00:00
2022-05-15T16:34:50.538002Z,844677,0.17150000,2486.30000000,sell,2022-05-15 16:34:50.538002+00:00
2022-05-15T16:34:50.538002Z,844676,0.17150000,350.00000000,sell,2022-05-15 16:34:50.538002+00:00
2022-05-15T16:34:46.045258Z,844675,0.17160000,51.60000000,buy,2022-05-15 16:34:46.045258+00:00
2022-05-15T16:34:36.241482Z,844674,0.17190000,77.80000000,sell,2022-05-15 16:34:36.241482+00:00
2022-05-15T16:34:35.609077Z,844673,0.17190000,128.30000000,buy,2022-05-15 16:34:35.609077+00:00
2022-05-15T16:34:31.497997Z,844672,0.17230000,202.60000000,buy,2022-05-15 16:34:31.497997+00:00
2022-05-15T16:29:01.644206Z,844671,0.17390000,1058.80000000,sell,2022-05-15 16:29:01.644206+00:00
2022-05-15T16:29:01.644206Z,844670,0.17380000,350.00000000,sell,2022-05-15 16:29:01.644206+00:00
2022-05-15T16:28:50.056678Z,844669,0.17360000,200.70000000,buy,2022-05-15 16:28:50.056678+00:00
2022-05-15T16:24:28.30524Z,844668,0.17360000,57.40000000,sell,2022-05-15 16:24:28.305240+00:00
2022-05-15T16:20:05.569013Z,844667,0.17340000,28.70000000,sell,2022-05-15 16:20:05.569013+00:00
2022-05-15T16:17:24.752333Z,844666,0.17330000,169.30000000,sell,2022-05-15 16:17:24.752333+00:00
2022-05-15T16:17:12.000387Z,844665,0.17260000,1597.20000000,buy,2022-05-15 16:17:12.000387+00:00
2022-05-15T16:17:12.000387Z,844664,0.17270000,610.00000000,buy,2022-05-15 16:17:12.000387+00:00
2022-05-15T16:17:12.000387Z,844663,0.17270000,1960.00000000,buy,2022-05-15 16:17:12.000387+00:00
2022-05-15T16:17:12.000387Z,844662,0.17280000,309.80000000,buy,2022-05-15 16:17:12.000387+00:00
2022-05-15T16:17:12.000387Z,844661,0.17280000,3945.70000000,buy,2022-05-15 16:17:12.000387+00:00
2022-05-15T16:17:12.000387Z,844660,0.17290000,280.00000000,buy,2022-05-15 16:17:12.000387+00:00
2022-05-15T16:16:51.455676Z,844659,0.17300000,98.50000000,buy,2022-05-15 16:16:51.455676+00:00
2022-05-15T16:16:51.455676Z,844658,0.17310000,350.00000000,buy,2022-05-15 16:16:51.455676+00:00
2022-05-15T16:16:51.455676Z,844657,0.17310000,86.60000000,buy,2022-05-15 16:16:51.455676+00:00
2022-05-15T16:16:51.455676Z,844656,0.17340000,8.00000000,buy,2022-05-15 16:16:51.455676+00:00
2022-05-15T16:15:20.154872Z,844655,0.17340000,641.60000000,buy,2022-05-15 16:15:20.154872+00:00
2022-05-15T16:15:20.154872Z,844654,0.17340000,350.60000000,buy,2022-05-15 16:15:20.154872+00:00
2022-05-15T16:15:15.165101Z,844653,0.17350000,50.10000000,buy,2022-05-15 16:15:15.165101+00:00
2022-05-15T16:13:21.809521Z,844652,0.17360000,51.60000000,buy,2022-05-15 16:13:21.809521+00:00
2022-05-15T16:13:07.619172Z,844651,0.17370000,2646.20000000,sell,2022-05-15 16:13:07.619172+00:00
2022-05-15T16:13:07.332133Z,844650,0.17370000,2855.60000000,sell,2022-05-15 16:13:07.332133+00:00
2022-05-15T16:13:07.214146Z,844649,0.17370000,3081.60000000,sell,2022-05-15 16:13:07.214146+00:00
2022-05-15T16:11:09.168499Z,844648,0.17480000,2045.80000000,buy,2022-05-15 16:11:09.168499+00:00
2022-05-15T16:11:05.545892Z,844647,0.17500000,8375.10000000,buy,2022-05-15 16:11:05.545892+00:00
2022-05-15T16:10:42.980897Z,844646,0.17510000,15.60000000,sell,2022-05-15 16:10:42.980897+00:00
2022-05-15T16:10:14.668926Z,844645,0.17500000,2511.90000000,buy,2022-05-15 16:10:14.668926+00:00
2022-05-15T16:09:52.877117Z,844644,0.17500000,1496.30000000,buy,2022-05-15 16:09:52.877117+00:00
2022-05-15T16:09:52.224716Z,844643,0.17500000,1614.70000000,buy,2022-05-15 16:09:52.224716+00:00
2022-05-15T16:09:52.170632Z,844642,0.17500000,1742.50000000,buy,2022-05-15 16:09:52.170632+00:00
2022-05-15T16:09:51.881853Z,844641,0.17500000,1880.30000000,buy,2022-05-15 16:09:51.881853+00:00
2022-05-15T16:09:51.869258Z,844640,0.17500000,2029.20000000,buy,2022-05-15 16:09:51.869258+00:00
2022-05-15T16:09:49.858953Z,844639,0.17500000,350.00000000,sell,2022-05-15 16:09:49.858953+00:00
2022-05-15T16:08:20.484683Z,844638,0.17500000,28.40000000,buy,2022-05-15 16:08:20.484683+00:00
2022-05-15T16:08:05.010485Z,844637,0.17480000,6.00000000,buy,2022-05-15 16:08:05.010485+00:00
2022-05-15T16:08:05.010485Z,844636,0.17480000,19.00000000,buy,2022-05-15 16:08:05.010485+00:00
2022-05-15T16:07:29.814828Z,844635,0.17490000,4.50000000,buy,2022-05-15 16:07:29.814828+00:00
2022-05-15T16:07:24.152858Z,844634,0.17560000,9711.40000000,sell,2022-05-15 16:07:24.152858+00:00
2022-05-15T16:07:24.152858Z,844633,0.17550000,4038.80000000,sell,2022-05-15 16:07:24.152858+00:00
2022-05-15T16:07:24.152858Z,844632,0.17540000,4123.10000000,sell,2022-05-15 16:07:24.152858+00:00
2022-05-15T16:07:24.152858Z,844631,0.17540000,661.90000000,sell,2022-05-15 16:07:24.152858+00:00
2022-05-15T16:07:24.152858Z,844630,0.17540000,79.30000000,sell,2022-05-15 16:07:24.152858+00:00
2022-05-15T16:07:24.152858Z,844629,0.17530000,980.00000000,sell,2022-05-15 16:07:24.152858+00:00
2022-05-15T16:07:24.152858Z,844628,0.17530000,79.30000000,sell,2022-05-15 16:07:24.152858+00:00
2022-05-15T16:07:24.152858Z,844627,0.17530000,4399.80000000,sell,2022-05-15 16:07:24.152858+00:00
2022-05-15T16:07:24.152858Z,844626,0.17520000,350.00000000,sell,2022-05-15 16:07:24.152858+00:00
2022-05-15T16:07:24.152858Z,844625,0.17520000,2893.70000000,sell,2022-05-15 16:07:24.152858+00:00
2022-05-15T15:57:53.287036Z,844624,0.17530000,975.70000000,buy,2022-05-15 15:57:53.287036+00:00
2022-05-15T15:57:53.287036Z,844623,0.17530000,4046.00000000,buy,2022-05-15 15:57:53.287036+00:00
2022-05-15T15:57:53.287036Z,844622,0.17540000,1197.90000000,buy,2022-05-15 15:57:53.287036+00:00
2022-05-15T15:57:53.287036Z,844621,0.17550000,350.00000000,buy,2022-05-15 15:57:53.287036+00:00
2022-05-15T15:57:53.287036Z,844620,0.17550000,4.00000000,buy,2022-05-15 15:57:53.287036+00:00
2022-05-15T15:57:09.574611Z,844619,0.17590000,51.00000000,sell,2022-05-15 15:57:09.574611+00:00
2022-05-15T15:52:47.386151Z,844618,0.17500000,2254.10000000,sell,2022-05-15 15:52:47.386151+00:00
2022-05-15T15:52:47.033256Z,844617,0.17490000,350.00000000,sell,2022-05-15 15:52:47.033256+00:00
2022-05-15T15:51:54.992576Z,844616,0.17550000,498.30000000,buy,2022-05-15 15:51:54.992576+00:00
2022-05-15T15:51:54.992576Z,844615,0.17550000,51.60000000,buy,2022-05-15 15:51:54.992576+00:00
2022-05-15T15:51:23.832059Z,844614,0.17620000,315.00000000,buy,2022-05-15 15:51:23.832059+00:00
2022-05-15T15:51:23.832059Z,844613,0.17620000,350.00000000,buy,2022-05-15 15:51:23.832059+00:00
2022-05-15T15:50:19.626858Z,844612,0.17720000,50.00000000,buy,2022-05-15 15:50:19.626858+00:00
2022-05-15T15:47:12.918726Z,844611,0.17680000,50.70000000,sell,2022-05-15 15:47:12.918726+00:00
2022-05-15T15:46:43.703806Z,844610,0.17660000,74.30000000,buy,2022-05-15 15:46:43.703806+00:00
2022-05-15T15:46:16.494618Z,844609,0.17700000,2.00000000,sell,2022-05-15 15:46:16.494618+00:00
2022-05-15T15:42:20.301967Z,844608,0.17700000,406.00000000,buy,2022-05-15 15:42:20.301967+00:00
2022-05-15T15:41:59.361744Z,844607,0.17700000,215.00000000,buy,2022-05-15 15:41:59.361744+00:00
2022-05-15T15:41:59.361744Z,844606,0.17710000,350.00000000,buy,2022-05-15 15:41:59.361744+00:00
2022-05-15T15:40:56.050987Z,844605,0.17690000,3.00000000,sell,2022-05-15 15:40:56.050987+00:00
2022-05-15T15:37:30.830609Z,844604,0.17630000,1871.20000000,buy,2022-05-15 15:37:30.830609+00:00
2022-05-15T15:33:54.643823Z,844603,0.17560000,12.80000000,buy,2022-05-15 15:33:54.643823+00:00
2022-05-15T15:33:27.56943Z,844602,0.17560000,694.60000000,buy,2022-05-15 15:33:27.569430+00:00
2022-05-15T15:33:27.56943Z,844601,0.17570000,350.00000000,buy,2022-05-15 15:33:27.569430+00:00
2022-05-15T15:33:27.56943Z,844600,0.17580000,629.40000000,buy,2022-05-15 15:33:27.569430+00:00
2022-05-15T15:33:27.542327Z,844599,0.17580000,890.00000000,buy,2022-05-15 15:33:27.542327+00:00
2022-05-15T15:30:19.003174Z,844598,0.17740000,11.80000000,buy,2022-05-15 15:30:19.003174+00:00
2022-05-15T15:28:31.691115Z,844597,0.17780000,11.20000000,sell,2022-05-15 15:28:31.691115+00:00
2022-05-15T15:26:11.544966Z,844596,0.17700000,350.00000000,buy,2022-05-15 15:26:11.544966+00:00
2022-05-15T15:26:11.544966Z,844595,0.17700000,3050.60000000,buy,2022-05-15 15:26:11.544966+00:00
2022-05-15T15:25:59.157009Z,844594,0.17710000,36.50000000,buy,2022-05-15 15:25:59.157009+00:00
2022-05-15T15:25:29.005497Z,844593,0.17750000,5.60000000,sell,2022-05-15 15:25:29.005497+00:00
2022-05-15T15:24:54.149707Z,844592,0.17720000,5529.90000000,sell,2022-05-15 15:24:54.149707+00:00
2022-05-15T15:23:19.490418Z,844591,0.17720000,57.50000000,buy,2022-05-15 15:23:19.490418+00:00
2022-05-15T15:22:58.273233Z,844590,0.17760000,157.00000000,sell,2022-05-15 15:22:58.273233+00:00
2022-05-15T15:22:58.273233Z,844589,0.17760000,679.60000000,sell,2022-05-15 15:22:58.273233+00:00
2022-05-15T15:22:58.273233Z,844588,0.17760000,168.40000000,sell,2022-05-15 15:22:58.273233+00:00
2022-05-15T15:22:58.273233Z,844587,0.17750000,140.00000000,sell,2022-05-15 15:22:58.273233+00:00
2022-05-15T15:22:57.50531Z,844586,0.17730000,140.80000000,buy,2022-05-15 15:22:57.505310+00:00
2022-05-15T15:20:29.15765Z,844585,0.17750000,2094.70000000,sell,2022-05-15 15:20:29.157650+00:00
2022-05-15T15:20:28.275343Z,844584,0.17730000,1147.60000000,sell,2022-05-15 15:20:28.275343+00:00
2022-05-15T15:20:21.267344Z,844583,0.17770000,592.50000000,sell,2022-05-15 15:20:21.267344+00:00
2022-05-15T15:20:21.267344Z,844582,0.17760000,280.00000000,sell,2022-05-15 15:20:21.267344+00:00
2022-05-15T15:20:20.351909Z,844581,0.17770000,193.10000000,sell,2022-05-15 15:20:20.351909+00:00
2022-05-15T15:20:20.351909Z,844580,0.17760000,350.00000000,sell,2022-05-15 15:20:20.351909+00:00
2022-05-15T15:17:19.224706Z,844579,0.17740000,51.60000000,buy,2022-05-15 15:17:19.224706+00:00
2022-05-15T15:17:17.317763Z,844578,0.17750000,98.30000000,buy,2022-05-15 15:17:17.317763+00:00
2022-05-15T15:17:12.188668Z,844577,0.17750000,400.00000000,buy,2022-05-15 15:17:12.188668+00:00
2022-05-15T15:15:41.592134Z,844576,0.17830000,9.00000000,buy,2022-05-15 15:15:41.592134+00:00
2022-05-15T15:15:00.165809Z,844575,0.17890000,190.50000000,sell,2022-05-15 15:15:00.165809+00:00
2022-05-15T15:15:00.165809Z,844574,0.17880000,350.00000000,sell,2022-05-15 15:15:00.165809+00:00
2022-05-15T15:14:49.456091Z,844573,0.17860000,2270.00000000,buy,2022-05-15 15:14:49.456091+00:00
2022-05-15T15:14:49.456091Z,844572,0.17870000,350.00000000,buy,2022-05-15 15:14:49.456091+00:00
2022-05-15T15:14:04.318736Z,844571,0.17960000,1819.90000000,buy,2022-05-15 15:14:04.318736+00:00
2022-05-15T15:13:37.480038Z,844570,0.18020000,4.00000000,buy,2022-05-15 15:13:37.480038+00:00
2022-05-15T15:11:56.58834Z,844569,0.18010000,19.90000000,buy,2022-05-15 15:11:56.588340+00:00
2022-05-15T15:11:15.856718Z,844568,0.18000000,186.20000000,sell,2022-05-15 15:11:15.856718+00:00
2022-05-15T15:11:15.856718Z,844567,0.18000000,350.00000000,sell,2022-05-15 15:11:15.856718+00:00
2022-05-15T15:10:21.237421Z,844566,0.18000000,21.10000000,sell,2022-05-15 15:10:21.237421+00:00
2022-05-15T15:10:18.512566Z,844565,0.17970000,580.00000000,buy,2022-05-15 15:10:18.512566+00:00
2022-05-15T15:10:18.512566Z,844564,0.17970000,350.00000000,buy,2022-05-15 15:10:18.512566+00:00
2022-05-15T15:09:12.066196Z,844563,0.18040000,1298.30000000,buy,2022-05-15 15:09:12.066196+00:00
2022-05-15T15:07:49.332789Z,844562,0.18040000,168.30000000,sell,2022-05-15 15:07:49.332789+00:00
2022-05-15T15:07:49.332789Z,844561,0.18030000,93.70000000,sell,2022-05-15 15:07:49.332789+00:00
2022-05-15T15:07:49.332789Z,844560,0.18030000,3.00000000,sell,2022-05-15 15:07:49.332789+00:00
2022-05-15T15:06:02.877377Z,844559,0.17950000,498.30000000,sell,2022-05-15 15:06:02.877377+00:00
2022-05-15T15:06:00.919072Z,844558,0.17940000,3.00000000,sell,2022-05-15 15:06:00.919072+00:00
2022-05-15T15:06:00.919072Z,844557,0.17940000,51.60000000,sell,2022-05-15 15:06:00.919072+00:00
2022-05-15T15:05:35.429293Z,844556,0.17890000,44.00000000,sell,2022-05-15 15:05:35.429293+00:00
2022-05-15T15:05:35.429293Z,844555,0.17880000,350.00000000,sell,2022-05-15 15:05:35.429293+00:00
2022-05-15T15:05:35.429293Z,844554,0.17860000,6.00000000,sell,2022-05-15 15:05:35.429293+00:00
2022-05-15T15:03:46.44682Z,844553,0.17830000,11.30000000,buy,2022-05-15 15:03:46.446820+00:00
2022-05-15T15:03:17.551087Z,844552,0.17850000,22.40000000,sell,2022-05-15 15:03:17.551087+00:00
2022-05-15T14:57:57.976515Z,844551,0.17660000,78.20000000,buy,2022-05-15 14:57:57.976515+00:00
2022-05-15T14:54:49.399692Z,844550,0.17730000,103.90000000,sell,2022-05-15 14:54:49.399692+00:00
2022-05-15T14:53:14.740955Z,844549,0.17740000,751.80000000,sell,2022-05-15 14:53:14.740955+00:00
2022-05-15T14:53:14.740955Z,844548,0.17740000,134.20000000,sell,2022-05-15 14:53:14.740955+00:00
2022-05-15T14:53:14.740955Z,844547,0.17730000,350.00000000,sell,2022-05-15 14:53:14.740955+00:00
2022-05-15T14:53:14.740955Z,844546,0.17730000,532.70000000,sell,2022-05-15 14:53:14.740955+00:00
2022-05-15T14:52:22.968065Z,844545,0.17730000,75.80000000,sell,2022-05-15 14:52:22.968065+00:00
2022-05-15T14:52:16.818017Z,844544,0.17740000,11.20000000,sell,2022-05-15 14:52:16.818017+00:00
2022-05-15T14:50:29.159859Z,844543,0.17710000,8.00000000,sell,2022-05-15 14:50:29.159859+00:00
2022-05-15T14:48:58.391922Z,844542,0.17680000,214.00000000,buy,2022-05-15 14:48:58.391922+00:00
2022-05-15T14:46:38.465098Z,844541,0.17730000,337.00000000,buy,2022-05-15 14:46:38.465098+00:00
2022-05-15T14:45:45.032009Z,844540,0.17770000,23.60000000,sell,2022-05-15 14:45:45.032009+00:00
2022-05-15T14:45:45.032009Z,844539,0.17770000,26.90000000,sell,2022-05-15 14:45:45.032009+00:00
2022-05-15T14:44:52.933531Z,844538,0.17730000,2339.80000000,buy,2022-05-15 14:44:52.933531+00:00
2022-05-15T14:44:47.86403Z,844537,0.17780000,350.00000000,buy,2022-05-15 14:44:47.864030+00:00
2022-05-15T14:44:47.86403Z,844536,0.17780000,309.80000000,buy,2022-05-15 14:44:47.864030+00:00
2022-05-15T14:44:42.838472Z,844535,0.17750000,498.30000000,sell,2022-05-15 14:44:42.838472+00:00
2022-05-15T14:44:42.401748Z,844534,0.17740000,51.60000000,sell,2022-05-15 14:44:42.401748+00:00
2022-05-15T14:42:33.220112Z,844533,0.17550000,51.60000000,sell,2022-05-15 14:42:33.220112+00:00
2022-05-15T14:41:39.541691Z,844532,0.17490000,2130.60000000,sell,2022-05-15 14:41:39.541691+00:00
2022-05-15T14:41:19.532796Z,844531,0.17480000,5.70000000,sell,2022-05-15 14:41:19.532796+00:00
2022-05-15T14:37:20.434375Z,844530,0.17390000,274.70000000,sell,2022-05-15 14:37:20.434375+00:00
2022-05-15T14:35:15.460576Z,844529,0.17400000,3.50000000,buy,2022-05-15 14:35:15.460576+00:00
2022-05-15T14:35:04.514179Z,844528,0.17380000,314.50000000,buy,2022-05-15 14:35:04.514179+00:00
2022-05-15T14:31:31.889051Z,844527,0.17440000,716.80000000,buy,2022-05-15 14:31:31.889051+00:00
2022-05-15T14:29:46.452285Z,844526,0.17460000,28.20000000,buy,2022-05-15 14:29:46.452285+00:00
2022-05-15T14:28:50.284598Z,844525,0.17410000,2823.70000000,sell,2022-05-15 14:28:50.284598+00:00
2022-05-15T14:28:49.396405Z,844524,0.17390000,350.00000000,sell,2022-05-15 14:28:49.396405+00:00
2022-05-15T14:27:50.842584Z,844523,0.17390000,1.80000000,sell,2022-05-15 14:27:50.842584+00:00
2022-05-15T14:27:27.365193Z,844522,0.17410000,51.50000000,sell,2022-05-15 14:27:27.365193+00:00
2022-05-15T14:26:23.966432Z,844521,0.17370000,288.00000000,buy,2022-05-15 14:26:23.966432+00:00
2022-05-15T14:26:14.258121Z,844520,0.17390000,3.50000000,sell,2022-05-15 14:26:14.258121+00:00
2022-05-15T14:25:29.08978Z,844519,0.17340000,147.70000000,buy,2022-05-15 14:25:29.089780+00:00
2022-05-15T14:25:29.08978Z,844518,0.17360000,51.60000000,buy,2022-05-15 14:25:29.089780+00:00
2022-05-15T14:25:18.315513Z,844517,0.17370000,70.00000000,buy,2022-05-15 14:25:18.315513+00:00
2022-05-15T14:25:18.047905Z,844516,0.17370000,350.00000000,buy,2022-05-15 14:25:18.047905+00:00
2022-05-15T14:25:17.62219Z,844515,0.17370000,350.00000000,buy,2022-05-15 14:25:17.622190+00:00
2022-05-15T14:25:17.315504Z,844514,0.17370000,350.00000000,buy,2022-05-15 14:25:17.315504+00:00
2022-05-15T14:24:51.384149Z,844513,0.17410000,3.10000000,buy,2022-05-15 14:24:51.384149+00:00
2022-05-15T14:23:50.064638Z,844512,0.17460000,168.00000000,buy,2022-05-15 14:23:50.064638+00:00
2022-05-15T14:20:59.61588Z,844511,0.17540000,557.30000000,buy,2022-05-15 14:20:59.615880+00:00
2022-05-15T14:20:59.61588Z,844510,0.17550000,4.00000000,buy,2022-05-15 14:20:59.615880+00:00
2022-05-15T14:20:59.61588Z,844509,0.17550000,350.00000000,buy,2022-05-15 14:20:59.615880+00:00
2022-05-15T14:20:59.61588Z,844508,0.17550000,613.80000000,buy,2022-05-15 14:20:59.615880+00:00
2022-05-15T14:18:31.937061Z,844507,0.17550000,186.00000000,buy,2022-05-15 14:18:31.937061+00:00
2022-05-15T14:18:31.937061Z,844506,0.17550000,498.30000000,buy,2022-05-15 14:18:31.937061+00:00
2022-05-15T14:18:31.937061Z,844505,0.17550000,51.60000000,buy,2022-05-15 14:18:31.937061+00:00
2022-05-15T14:18:31.937061Z,844504,0.17560000,982.40000000,buy,2022-05-15 14:18:31.937061+00:00
2022-05-15T14:18:17.397823Z,844503,0.17560000,37.70000000,buy,2022-05-15 14:18:17.397823+00:00
2022-05-15T14:18:17.397823Z,844502,0.17560000,119.60000000,buy,2022-05-15 14:18:17.397823+00:00
2022-05-15T14:17:47.910168Z,844501,0.17620000,51.30000000,buy,2022-05-15 14:17:47.910168+00:00
2022-05-15T14:14:48.490773Z,844500,0.17630000,132.70000000,sell,2022-05-15 14:14:48.490773+00:00
2022-05-15T14:14:01.69331Z,844499,0.17620000,28.30000000,sell,2022-05-15 14:14:01.693310+00:00
2022-05-15T14:12:07.590136Z,844498,0.17660000,55.50000000,sell,2022-05-15 14:12:07.590136+00:00
2022-05-15T14:11:13.875205Z,844497,0.17670000,50.70000000,sell,2022-05-15 14:11:13.875205+00:00
2022-05-15T14:09:39.596949Z,844496,0.17650000,1176.50000000,sell,2022-05-15 14:09:39.596949+00:00
2022-05-15T14:09:39.596949Z,844495,0.17640000,70.00000000,sell,2022-05-15 14:09:39.596949+00:00
2022-05-15T14:07:13.19229Z,844494,0.17650000,22.60000000,sell,2022-05-15 14:07:13.192290+00:00
2022-05-15T14:05:58.16938Z,844493,0.17640000,154.40000000,buy,2022-05-15 14:05:58.169380+00:00
2022-05-15T14:05:48.355035Z,844492,0.17630000,513.50000000,buy,2022-05-15 14:05:48.355035+00:00
2022-05-15T14:05:01.912776Z,844491,0.17670000,270.40000000,sell,2022-05-15 14:05:01.912776+00:00
2022-05-15T14:04:16.246467Z,844490,0.17660000,539.50000000,buy,2022-05-15 14:04:16.246467+00:00
2022-05-15T14:04:16.246467Z,844489,0.17660000,3.00000000,buy,2022-05-15 14:04:16.246467+00:00
2022-05-15T14:03:42.011638Z,844488,0.17690000,350.00000000,buy,2022-05-15 14:03:42.011638+00:00
2022-05-15T14:03:36.117586Z,844487,0.17720000,544.70000000,sell,2022-05-15 14:03:36.117586+00:00
2022-05-15T14:03:05.722315Z,844486,0.17720000,866.90000000,buy,2022-05-15 14:03:05.722315+00:00
2022-05-15T14:02:11.267466Z,844485,0.17760000,131.30000000,sell,2022-05-15 14:02:11.267466+00:00
2022-05-15T14:00:25.753961Z,844484,0.17800000,11.30000000,buy,2022-05-15 14:00:25.753961+00:00
2022-05-15T14:00:03.821292Z,844483,0.17800000,1613.90000000,buy,2022-05-15 14:00:03.821292+00:00
2022-05-15T13:59:43.070072Z,844482,0.17820000,15.50000000,sell,2022-05-15 13:59:43.070072+00:00
2022-05-15T13:59:41.998669Z,844481,0.17830000,155.20000000,sell,2022-05-15 13:59:41.998669+00:00
2022-05-15T13:59:41.998669Z,844480,0.17820000,386.80000000,sell,2022-05-15 13:59:41.998669+00:00
2022-05-15T13:56:10.248973Z,844479,0.17860000,278.70000000,sell,2022-05-15 13:56:10.248973+00:00
2022-05-15T13:55:52.095518Z,844478,0.17840000,50.80000000,sell,2022-05-15 13:55:52.095518+00:00
2022-05-15T13:55:52.095518Z,844477,0.17820000,5.00000000,sell,2022-05-15 13:55:52.095518+00:00
2022-05-15T13:55:46.123154Z,844476,0.17800000,31.80000000,buy,2022-05-15 13:55:46.123154+00:00
2022-05-15T13:55:39.120127Z,844475,0.17800000,8.90000000,buy,2022-05-15 13:55:39.120127+00:00
2022-05-15T13:53:14.191598Z,844474,0.17820000,560.90000000,sell,2022-05-15 13:53:14.191598+00:00
2022-05-15T13:52:42.021742Z,844473,0.17740000,756.00000000,sell,2022-05-15 13:52:42.021742+00:00
2022-05-15T13:52:42.021742Z,844472,0.17740000,70.00000000,sell,2022-05-15 13:52:42.021742+00:00
2022-05-15T13:52:36.238383Z,844471,0.17700000,51.50000000,sell,2022-05-15 13:52:36.238383+00:00
2022-05-15T13:51:46.328841Z,844470,0.17690000,3.00000000,buy,2022-05-15 13:51:46.328841+00:00
2022-05-15T13:51:29.420302Z,844469,0.17710000,195.40000000,sell,2022-05-15 13:51:29.420302+00:00
2022-05-15T13:51:29.420302Z,844468,0.17710000,350.00000000,sell,2022-05-15 13:51:29.420302+00:00
2022-05-15T13:45:06.907262Z,844467,0.17740000,51.60000000,buy,2022-05-15 13:45:06.907262+00:00
2022-05-15T13:44:58.822429Z,844466,0.17750000,498.30000000,buy,2022-05-15 13:44:58.822429+00:00
2022-05-15T13:44:07.6102Z,844465,0.17770000,1621.90000000,buy,2022-05-15 13:44:07.610200+00:00
2022-05-15T13:40:13.734749Z,844464,0.17810000,766.90000000,sell,2022-05-15 13:40:13.734749+00:00
2022-05-15T13:40:13.734749Z,844463,0.17800000,350.00000000,sell,2022-05-15 13:40:13.734749+00:00
2022-05-15T13:38:43.833671Z,844462,0.17790000,4.00000000,buy,2022-05-15 13:38:43.833671+00:00
2022-05-15T13:37:34.311079Z,844461,0.17840000,191.60000000,sell,2022-05-15 13:37:34.311079+00:00
2022-05-15T13:37:34.311079Z,844460,0.17840000,350.00000000,sell,2022-05-15 13:37:34.311079+00:00
2022-05-15T13:37:18.672704Z,844459,0.17820000,190.50000000,sell,2022-05-15 13:37:18.672704+00:00
2022-05-15T13:37:18.672704Z,844458,0.17810000,350.00000000,sell,2022-05-15 13:37:18.672704+00:00
2022-05-15T13:37:14.925029Z,844457,0.17810000,14.50000000,sell,2022-05-15 13:37:14.925029+00:00
2022-05-15T13:37:12.201005Z,844456,0.17800000,10150.00000000,buy,2022-05-15 13:37:12.201005+00:00
2022-05-15T13:37:12.015867Z,844455,0.17820000,140.00000000,buy,2022-05-15 13:37:12.015867+00:00
2022-05-15T13:34:48.218808Z,844454,0.17850000,167.80000000,buy,2022-05-15 13:34:48.218808+00:00
2022-05-15T13:34:48.218808Z,844453,0.17850000,332.20000000,buy,2022-05-15 13:34:48.218808+00:00
2022-05-15T13:34:48.218808Z,844452,0.17850000,4.00000000,buy,2022-05-15 13:34:48.218808+00:00
2022-05-15T13:32:16.925353Z,844451,0.17860000,990.30000000,sell,2022-05-15 13:32:16.925353+00:00
2022-05-15T13:32:16.925353Z,844450,0.17850000,350.00000000,sell,2022-05-15 13:32:16.925353+00:00
2022-05-15T13:31:28.164162Z,844449,0.17870000,280.00000000,buy,2022-05-15 13:31:28.164162+00:00
2022-05-15T13:31:28.164162Z,844448,0.17870000,1443.60000000,buy,2022-05-15 13:31:28.164162+00:00
2022-05-15T13:31:27.286261Z,844447,0.17870000,1821.90000000,buy,2022-05-15 13:31:27.286261+00:00
2022-05-15T13:30:38.681277Z,844446,0.17930000,111.60000000,buy,2022-05-15 13:30:38.681277+00:00
2022-05-15T13:30:38.184803Z,844445,0.17940000,25.30000000,buy,2022-05-15 13:30:38.184803+00:00
2022-05-15T13:30:25.701943Z,844444,0.17940000,26.30000000,buy,2022-05-15 13:30:25.701943+00:00
2022-05-15T13:30:25.099622Z,844443,0.17950000,498.30000000,buy,2022-05-15 13:30:25.099622+00:00
2022-05-15T13:30:22.040614Z,844442,0.17960000,350.00000000,buy,2022-05-15 13:30:22.040614+00:00
2022-05-15T13:29:13.021447Z,844441,0.18020000,41.10000000,buy,2022-05-15 13:29:13.021447+00:00
2022-05-15T13:26:27.186169Z,844440,0.18010000,105.30000000,buy,2022-05-15 13:26:27.186169+00:00
2022-05-15T13:26:09.447985Z,844439,0.17990000,3.00000000,buy,2022-05-15 13:26:09.447985+00:00
2022-05-15T13:25:26.755988Z,844438,0.18060000,180.40000000,sell,2022-05-15 13:25:26.755988+00:00
2022-05-15T13:25:26.755988Z,844437,0.18060000,350.00000000,sell,2022-05-15 13:25:26.755988+00:00
2022-05-15T13:25:26.755988Z,844436,0.18060000,4.00000000,sell,2022-05-15 13:25:26.755988+00:00
2022-05-15T13:22:20.446082Z,844435,0.18170000,79.40000000,buy,2022-05-15 13:22:20.446082+00:00
2022-05-15T13:19:04.933881Z,844434,0.18070000,19.20000000,sell,2022-05-15 13:19:04.933881+00:00
2022-05-15T13:12:44.027736Z,844433,0.18010000,3.00000000,buy,2022-05-15 13:12:44.027736+00:00
2022-05-15T13:11:04.627516Z,844432,0.18040000,350.00000000,buy,2022-05-15 13:11:04.627516+00:00
2022-05-15T13:10:11.915275Z,844431,0.18050000,3.00000000,buy,2022-05-15 13:10:11.915275+00:00
2022-05-15T13:10:01.395301Z,844430,0.18060000,5.40000000,sell,2022-05-15 13:10:01.395301+00:00
2022-05-15T13:09:30.962863Z,844429,0.18090000,10.90000000,sell,2022-05-15 13:09:30.962863+00:00
2022-05-15T13:08:38.113559Z,844428,0.18040000,16.20000000,sell,2022-05-15 13:08:38.113559+00:00
2022-05-15T13:08:11.322059Z,844427,0.18060000,264.50000000,sell,2022-05-15 13:08:11.322059+00:00
2022-05-15T13:08:06.674025Z,844426,0.18060000,49.70000000,sell,2022-05-15 13:08:06.674025+00:00
2022-05-15T13:07:17.815423Z,844425,0.18130000,51.60000000,buy,2022-05-15 13:07:17.815423+00:00
2022-05-15T13:06:56.021949Z,844424,0.18220000,1453.70000000,sell,2022-05-15 13:06:56.021949+00:00
2022-05-15T13:06:56.021949Z,844423,0.18210000,1960.00000000,sell,2022-05-15 13:06:56.021949+00:00
2022-05-15T13:06:56.021949Z,844422,0.18210000,1615.20000000,sell,2022-05-15 13:06:56.021949+00:00
2022-05-15T13:06:56.021949Z,844421,0.18200000,350.00000000,sell,2022-05-15 13:06:56.021949+00:00
2022-05-15T13:06:25.533732Z,844420,0.18290000,2472.00000000,buy,2022-05-15 13:06:25.533732+00:00
2022-05-15T13:06:22.155441Z,844419,0.18320000,51.60000000,sell,2022-05-15 13:06:22.155441+00:00
2022-05-15T13:06:07.117002Z,844418,0.18170000,3.00000000,sell,2022-05-15 13:06:07.117002+00:00
2022-05-15T13:04:45.051475Z,844417,0.18080000,5.00000000,sell,2022-05-15 13:04:45.051475+00:00
2022-05-15T13:02:09.49095Z,844416,0.18170000,280.00000000,buy,2022-05-15 13:02:09.490950+00:00
2022-05-15T13:02:09.427411Z,844415,0.18170000,350.00000000,buy,2022-05-15 13:02:09.427411+00:00
2022-05-15T13:02:09.352996Z,844414,0.18170000,343.00000000,buy,2022-05-15 13:02:09.352996+00:00
2022-05-15T13:02:07.923186Z,844413,0.18080000,397.80000000,sell,2022-05-15 13:02:07.923186+00:00
2022-05-15T13:02:07.918542Z,844412,0.18080000,1061.00000000,sell,2022-05-15 13:02:07.918542+00:00
2022-05-15T13:02:07.683776Z,844411,0.18070000,1960.00000000,sell,2022-05-15 13:02:07.683776+00:00
2022-05-15T13:02:07.683776Z,844410,0.18070000,2917.70000000,sell,2022-05-15 13:02:07.683776+00:00
2022-05-15T13:00:16.12503Z,844409,0.18010000,183.80000000,sell,2022-05-15 13:00:16.125030+00:00
2022-05-15T13:00:16.12503Z,844408,0.18000000,350.00000000,sell,2022-05-15 13:00:16.125030+00:00
2022-05-15T13:00:09.93957Z,844407,0.18040000,13.90000000,buy,2022-05-15 13:00:09.939570+00:00
2022-05-15T12:59:41.187887Z,844406,0.18090000,368.60000000,sell,2022-05-15 12:59:41.187887+00:00
2022-05-15T12:59:37.71444Z,844405,0.18060000,2468.00000000,buy,2022-05-15 12:59:37.714440+00:00
2022-05-15T12:59:02.210017Z,844404,0.18090000,2472.80000000,sell,2022-05-15 12:59:02.210017+00:00
2022-05-15T12:59:02.210017Z,844403,0.18080000,350.00000000,sell,2022-05-15 12:59:02.210017+00:00
2022-05-15T12:58:05.500115Z,844402,0.18040000,50.00000000,buy,2022-05-15 12:58:05.500115+00:00
2022-05-15T12:58:04.051936Z,844401,0.18020000,7929.60000000,buy,2022-05-15 12:58:04.051936+00:00
2022-05-15T12:58:04.051936Z,844400,0.18030000,10883.40000000,buy,2022-05-15 12:58:04.051936+00:00
2022-05-15T12:58:04.051936Z,844399,0.18030000,4316.40000000,buy,2022-05-15 12:58:04.051936+00:00
2022-05-15T12:58:04.051936Z,844398,0.18040000,1960.00000000,buy,2022-05-15 12:58:04.051936+00:00
2022-05-15T12:58:04.051936Z,844397,0.18060000,3030.00000000,buy,2022-05-15 12:58:04.051936+00:00
2022-05-15T12:54:27.639303Z,844396,0.18010000,4.00000000,sell,2022-05-15 12:54:27.639303+00:00
2022-05-15T12:53:55.196122Z,844395,0.17990000,98.50000000,buy,2022-05-15 12:53:55.196122+00:00
2022-05-15T12:51:35.090708Z,844394,0.18030000,66.00000000,buy,2022-05-15 12:51:35.090708+00:00
2022-05-15T12:50:33.901524Z,844393,0.18100000,22.10000000,sell,2022-05-15 12:50:33.901524+00:00
2022-05-15T12:50:31.050348Z,844392,0.18070000,5.80000000,buy,2022-05-15 12:50:31.050348+00:00
2022-05-15T12:50:27.981985Z,844391,0.18100000,5.80000000,sell,2022-05-15 12:50:27.981985+00:00
2022-05-15T12:49:15.086378Z,844390,0.18020000,42.30000000,buy,2022-05-15 12:49:15.086378+00:00
2022-05-15T12:48:34.797191Z,844389,0.18000000,356.50000000,buy,2022-05-15 12:48:34.797191+00:00
2022-05-15T12:48:12.853805Z,844388,0.18000000,147.20000000,buy,2022-05-15 12:48:12.853805+00:00
2022-05-15T12:47:53.946594Z,844387,0.18000000,133.90000000,buy,2022-05-15 12:47:53.946594+00:00
2022-05-15T12:47:53.946594Z,844386,0.18000000,5.00000000,buy,2022-05-15 12:47:53.946594+00:00
2022-05-15T12:45:57.051136Z,844385,0.17990000,76.10000000,buy,2022-05-15 12:45:57.051136+00:00
2022-05-15T12:45:53.175658Z,844384,0.18020000,675.00000000,buy,2022-05-15 12:45:53.175658+00:00
2022-05-15T12:45:33.136931Z,844383,0.18000000,120.80000000,buy,2022-05-15 12:45:33.136931+00:00
2022-05-15T12:45:13.36898Z,844382,0.18080000,350.00000000,buy,2022-05-15 12:45:13.368980+00:00
2022-05-15T12:45:09.163884Z,844381,0.18090000,533.00000000,buy,2022-05-15 12:45:09.163884+00:00
2022-05-15T12:43:42.313362Z,844380,0.18050000,116.90000000,buy,2022-05-15 12:43:42.313362+00:00
2022-05-15T12:43:42.313362Z,844379,0.18050000,4.00000000,buy,2022-05-15 12:43:42.313362+00:00
2022-05-15T12:39:35.10144Z,844378,0.18210000,5.50000000,sell,2022-05-15 12:39:35.101440+00:00
2022-05-15T12:38:43.500827Z,844377,0.18260000,723.70000000,sell,2022-05-15 12:38:43.500827+00:00
2022-05-15T12:38:43.500827Z,844376,0.18250000,350.00000000,sell,2022-05-15 12:38:43.500827+00:00
2022-05-15T12:38:13.027565Z,844375,0.18230000,39.40000000,sell,2022-05-15 12:38:13.027565+00:00
2022-05-15T12:38:13.027565Z,844374,0.18170000,3.00000000,sell,2022-05-15 12:38:13.027565+00:00
2022-05-15T12:36:16.885702Z,844373,0.18070000,49.80000000,sell,2022-05-15 12:36:16.885702+00:00
2022-05-15T12:35:35.490403Z,844372,0.18020000,1650.50000000,sell,2022-05-15 12:35:35.490403+00:00
2022-05-15T12:35:35.490403Z,844371,0.18010000,350.00000000,sell,2022-05-15 12:35:35.490403+00:00
2022-05-15T12:35:28.750406Z,844370,0.17960000,1777.60000000,buy,2022-05-15 12:35:28.750406+00:00
2022-05-15T12:35:28.750406Z,844369,0.17980000,350.00000000,buy,2022-05-15 12:35:28.750406+00:00
2022-05-15T12:35:28.750406Z,844368,0.17980000,1486.90000000,buy,2022-05-15 12:35:28.750406+00:00
2022-05-15T12:35:28.750406Z,844367,0.17980000,1135.40000000,buy,2022-05-15 12:35:28.750406+00:00
2022-05-15T12:35:25.575684Z,844366,0.18020000,42.00000000,sell,2022-05-15 12:35:25.575684+00:00
2022-05-15T12:35:09.403965Z,844365,0.17990000,58.40000000,buy,2022-05-15 12:35:09.403965+00:00
2022-05-15T12:33:29.432466Z,844364,0.17990000,13.70000000,buy,2022-05-15 12:33:29.432466+00:00
2022-05-15T12:31:57.57723Z,844363,0.18000000,350.00000000,buy,2022-05-15 12:31:57.577230+00:00
2022-05-15T12:31:57.506199Z,844362,0.18000000,350.00000000,buy,2022-05-15 12:31:57.506199+00:00
2022-05-15T12:31:30.299423Z,844361,0.18040000,350.00000000,buy,2022-05-15 12:31:30.299423+00:00
2022-05-15T12:31:30.299423Z,844360,0.18040000,337.20000000,buy,2022-05-15 12:31:30.299423+00:00
2022-05-15T12:31:30.052391Z,844359,0.18040000,2369.20000000,buy,2022-05-15 12:31:30.052391+00:00
2022-05-15T12:31:30.052391Z,844358,0.18040000,90.10000000,buy,2022-05-15 12:31:30.052391+00:00
2022-05-15T12:30:30.429723Z,844357,0.18050000,382.10000000,buy,2022-05-15 12:30:30.429723+00:00
2022-05-15T12:30:30.087659Z,844356,0.18050000,1378.60000000,sell,2022-05-15 12:30:30.087659+00:00
2022-05-15T12:30:30.087659Z,844355,0.18050000,4173.60000000,sell,2022-05-15 12:30:30.087659+00:00
2022-05-15T12:30:30.042833Z,844354,0.18050000,5.00000000,sell,2022-05-15 12:30:30.042833+00:00
2022-05-15T12:30:20.897018Z,844353,0.18020000,180.00000000,buy,2022-05-15 12:30:20.897018+00:00
2022-05-15T12:30:18.683391Z,844352,0.18100000,51.50000000,sell,2022-05-15 12:30:18.683391+00:00
2022-05-15T12:30:07.409033Z,844351,0.18130000,51.60000000,buy,2022-05-15 12:30:07.409033+00:00
2022-05-15T12:29:47.123702Z,844350,0.18170000,350.00000000,sell,2022-05-15 12:29:47.123702+00:00
2022-05-15T12:29:46.186958Z,844349,0.18180000,756.20000000,sell,2022-05-15 12:29:46.186958+00:00
2022-05-15T12:29:46.186958Z,844348,0.18180000,2169.80000000,sell,2022-05-15 12:29:46.186958+00:00
2022-05-15T12:29:46.179403Z,844347,0.18180000,1585.70000000,sell,2022-05-15 12:29:46.179403+00:00
2022-05-15T12:29:46.117549Z,844346,0.18170000,350.00000000,sell,2022-05-15 12:29:46.117549+00:00
2022-05-15T12:29:46.060505Z,844345,0.18170000,246.00000000,sell,2022-05-15 12:29:46.060505+00:00
2022-05-15T12:29:46.056721Z,844344,0.18170000,1328.00000000,sell,2022-05-15 12:29:46.056721+00:00
2022-05-15T12:29:46.056721Z,844343,0.18170000,350.00000000,sell,2022-05-15 12:29:46.056721+00:00
2022-05-15T12:29:45.993379Z,844342,0.18160000,2525.60000000,sell,2022-05-15 12:29:45.993379+00:00
2022-05-15T12:29:45.993379Z,844341,0.18160000,411.80000000,sell,2022-05-15 12:29:45.993379+00:00
2022-05-15T12:29:45.944658Z,844340,0.18170000,2.00000000,sell,2022-05-15 12:29:45.944658+00:00
2022-05-15T12:29:45.944658Z,844339,0.18170000,409.80000000,sell,2022-05-15 12:29:45.944658+00:00
2022-05-15T12:29:45.90556Z,844338,0.18170000,2.00000000,sell,2022-05-15 12:29:45.905560+00:00
2022-05-15T12:29:45.859257Z,844337,0.18160000,390.40000000,sell,2022-05-15 12:29:45.859257+00:00
2022-05-15T12:29:45.79979Z,844336,0.18160000,823.50000000,sell,2022-05-15 12:29:45.799790+00:00
2022-05-15T12:29:45.784467Z,844335,0.18170000,302.50000000,sell,2022-05-15 12:29:45.784467+00:00
2022-05-15T12:29:45.784467Z,844334,0.18160000,1647.00000000,sell,2022-05-15 12:29:45.784467+00:00
2022-05-15T12:29:45.730915Z,844333,0.18160000,1530.70000000,sell,2022-05-15 12:29:45.730915+00:00
2022-05-15T12:29:45.730915Z,844332,0.18150000,2113.40000000,sell,2022-05-15 12:29:45.730915+00:00
2022-05-15T12:29:45.730904Z,844331,0.18150000,1180.70000000,sell,2022-05-15 12:29:45.730904+00:00
2022-05-15T12:29:45.700842Z,844330,0.18150000,47.00000000,sell,2022-05-15 12:29:45.700842+00:00
2022-05-15T12:29:21.994068Z,844329,0.18160000,3414.20000000,buy,2022-05-15 12:29:21.994068+00:00
2022-05-15T12:29:21.994068Z,844328,0.18170000,1960.00000000,buy,2022-05-15 12:29:21.994068+00:00
2022-05-15T12:29:21.994068Z,844327,0.18170000,3685.30000000,buy,2022-05-15 12:29:21.994068+00:00
2022-05-15T12:29:21.994068Z,844326,0.18180000,1411.50000000,buy,2022-05-15 12:29:21.994068+00:00
2022-05-15T12:29:21.994068Z,844325,0.18190000,350.00000000,buy,2022-05-15 12:29:21.994068+00:00
2022-05-15T12:29:02.903833Z,844324,0.18240000,49.20000000,sell,2022-05-15 12:29:02.903833+00:00
2022-05-15T12:27:32.106949Z,844323,0.18300000,753.40000000,buy,2022-05-15 12:27:32.106949+00:00
2022-05-15T12:27:32.106949Z,844322,0.18310000,350.00000000,buy,2022-05-15 12:27:32.106949+00:00
2022-05-15T12:27:32.106949Z,844321,0.18310000,1150.60000000,buy,2022-05-15 12:27:32.106949+00:00
2022-05-15T12:27:32.018261Z,844320,0.18320000,350.00000000,buy,2022-05-15 12:27:32.018261+00:00
2022-05-15T12:27:23.956541Z,844319,0.18320000,490.10000000,buy,2022-05-15 12:27:23.956541+00:00
2022-05-15T12:27:23.520091Z,844318,0.18320000,1811.20000000,buy,2022-05-15 12:27:23.520091+00:00
2022-05-15T12:27:16.228473Z,844317,0.18220000,2382.80000000,sell,2022-05-15 12:27:16.228473+00:00
2022-05-15T12:27:15.208897Z,844316,0.18190000,3.00000000,sell,2022-05-15 12:27:15.208897+00:00
2022-05-15T12:26:28.95576Z,844315,0.18140000,47.30000000,buy,2022-05-15 12:26:28.955760+00:00
2022-05-15T12:26:28.95576Z,844314,0.18140000,1523.70000000,buy,2022-05-15 12:26:28.955760+00:00
2022-05-15T12:26:28.536927Z,844313,0.18140000,521.00000000,buy,2022-05-15 12:26:28.536927+00:00
2022-05-15T12:26:28.066984Z,844312,0.18140000,175.00000000,buy,2022-05-15 12:26:28.066984+00:00
2022-05-15T12:26:28.00554Z,844311,0.18150000,175.00000000,buy,2022-05-15 12:26:28.005540+00:00
2022-05-15T12:26:24.707496Z,844310,0.18160000,498.30000000,buy,2022-05-15 12:26:24.707496+00:00
2022-05-15T12:25:22.798357Z,844309,0.18240000,2540.70000000,sell,2022-05-15 12:25:22.798357+00:00
2022-05-15T12:25:22.798357Z,844308,0.18240000,4028.60000000,sell,2022-05-15 12:25:22.798357+00:00
2022-05-15T12:25:22.798357Z,844307,0.18220000,280.00000000,sell,2022-05-15 12:25:22.798357+00:00
2022-05-15T12:25:22.798357Z,844306,0.18220000,3609.50000000,sell,2022-05-15 12:25:22.798357+00:00
2022-05-15T12:25:22.045173Z,844305,0.18210000,80.20000000,buy,2022-05-15 12:25:22.045173+00:00
2022-05-15T12:24:15.318502Z,844304,0.18210000,5.40000000,sell,2022-05-15 12:24:15.318502+00:00
2022-05-15T12:23:30.580148Z,844303,0.18210000,98.80000000,buy,2022-05-15 12:23:30.580148+00:00
2022-05-15T12:23:02.90995Z,844302,0.18200000,4.00000000,sell,2022-05-15 12:23:02.909950+00:00
2022-05-15T12:22:28.254787Z,844301,0.18260000,54.80000000,sell,2022-05-15 12:22:28.254787+00:00
2022-05-15T12:22:23.031977Z,844300,0.18260000,148.30000000,sell,2022-05-15 12:22:23.031977+00:00
2022-05-15T12:22:23.031977Z,844299,0.18250000,350.00000000,sell,2022-05-15 12:22:23.031977+00:00
2022-05-15T12:22:18.378161Z,844298,0.18140000,501.00000000,buy,2022-05-15 12:22:18.378161+00:00
2022-05-15T12:22:18.378161Z,844297,0.18150000,350.00000000,buy,2022-05-15 12:22:18.378161+00:00
2022-05-15T12:22:17.973073Z,844296,0.18180000,51.60000000,sell,2022-05-15 12:22:17.973073+00:00
2022-05-15T12:22:17.88205Z,844295,0.18140000,1650.00000000,buy,2022-05-15 12:22:17.882050+00:00
2022-05-15T12:22:17.88205Z,844294,0.18150000,350.00000000,buy,2022-05-15 12:22:17.882050+00:00
2022-05-15T12:22:15.529942Z,844293,0.18170000,3216.50000000,buy,2022-05-15 12:22:15.529942+00:00
2022-05-15T12:22:15.529942Z,844292,0.18290000,5.50000000,buy,2022-05-15 12:22:15.529942+00:00
2022-05-15T12:22:15.518927Z,844291,0.18290000,3217.10000000,buy,2022-05-15 12:22:15.518927+00:00
2022-05-15T12:22:15.377893Z,844290,0.18140000,395.00000000,buy,2022-05-15 12:22:15.377893+00:00
2022-05-15T12:22:15.377893Z,844289,0.18320000,1194.00000000,buy,2022-05-15 12:22:15.377893+00:00
2022-05-15T12:22:15.37696Z,844288,0.18320000,2043.10000000,buy,2022-05-15 12:22:15.376960+00:00
2022-05-15T12:22:15.37696Z,844287,0.18340000,1174.00000000,buy,2022-05-15 12:22:15.376960+00:00
2022-05-15T12:22:15.316285Z,844286,0.18250000,3222.60000000,buy,2022-05-15 12:22:15.316285+00:00
2022-05-15T12:22:15.316249Z,844285,0.18350000,1318.00000000,buy,2022-05-15 12:22:15.316249+00:00
2022-05-15T12:22:15.316249Z,844284,0.18370000,1589.00000000,buy,2022-05-15 12:22:15.316249+00:00
2022-05-15T12:22:15.162318Z,844283,0.18650000,2400.50000000,sell,2022-05-15 12:22:15.162318+00:00
2022-05-15T12:22:15.162318Z,844282,0.18630000,3869.50000000,sell,2022-05-15 12:22:15.162318+00:00
2022-05-15T12:22:15.162318Z,844281,0.18600000,13.60000000,sell,2022-05-15 12:22:15.162318+00:00
2022-05-15T12:22:15.162318Z,844280,0.18570000,3808.80000000,sell,2022-05-15 12:22:15.162318+00:00
2022-05-15T12:22:15.162318Z,844279,0.18570000,498.30000000,sell,2022-05-15 12:22:15.162318+00:00
2022-05-15T12:22:15.162318Z,844278,0.18520000,10.00000000,sell,2022-05-15 12:22:15.162318+00:00
2022-05-15T12:22:15.162318Z,844277,0.18520000,51.60000000,sell,2022-05-15 12:22:15.162318+00:00
2022-05-15T12:22:15.162318Z,844276,0.18510000,1.80000000,sell,2022-05-15 12:22:15.162318+00:00
2022-05-15T12:22:15.162318Z,844275,0.18490000,2.00000000,sell,2022-05-15 12:22:15.162318+00:00
2022-05-15T12:22:15.162318Z,844274,0.18470000,4220.10000000,sell,2022-05-15 12:22:15.162318+00:00
2022-05-15T12:22:15.162318Z,844273,0.18460000,55.20000000,sell,2022-05-15 12:22:15.162318+00:00
2022-05-15T12:22:15.162318Z,844272,0.18460000,1.80000000,sell,2022-05-15 12:22:15.162318+00:00
2022-05-15T12:22:15.162318Z,844271,0.18420000,1.80000000,sell,2022-05-15 12:22:15.162318+00:00
2022-05-15T12:22:15.162318Z,844270,0.18410000,2987.70000000,sell,2022-05-15 12:22:15.162318+00:00
2022-05-15T12:22:15.162318Z,844269,0.18400000,70.00000000,sell,2022-05-15 12:22:15.162318+00:00
2022-05-15T12:22:15.162318Z,844268,0.18390000,2.00000000,sell,2022-05-15 12:22:15.162318+00:00
2022-05-15T12:22:15.162318Z,844267,0.18380000,3534.00000000,sell,2022-05-15 12:22:15.162318+00:00
2022-05-15T12:22:15.162318Z,844266,0.18370000,1.80000000,sell,2022-05-15 12:22:15.162318+00:00
2022-05-15T12:22:15.162318Z,844265,0.18360000,498.30000000,sell,2022-05-15 12:22:15.162318+00:00
2022-05-15T12:22:15.162318Z,844264,0.18350000,64.00000000,sell,2022-05-15 12:22:15.162318+00:00
2022-05-15T12:22:15.162318Z,844263,0.18320000,51.60000000,sell,2022-05-15 12:22:15.162318+00:00
2022-05-15T12:22:15.162318Z,844262,0.18300000,3217.60000000,sell,2022-05-15 12:22:15.162318+00:00
2022-05-15T12:22:15.162318Z,844261,0.18300000,64.00000000,sell,2022-05-15 12:22:15.162318+00:00
2022-05-15T12:22:15.162318Z,844260,0.18250000,259.40000000,sell,2022-05-15 12:22:15.162318+00:00
2022-05-15T12:22:15.162318Z,844259,0.18250000,3492.00000000,sell,2022-05-15 12:22:15.162318+00:00
2022-05-15T12:22:15.162318Z,844258,0.18230000,64.00000000,sell,2022-05-15 12:22:15.162318+00:00
2022-05-15T12:22:15.162318Z,844257,0.18230000,5879.30000000,sell,2022-05-15 12:22:15.162318+00:00
2022-05-15T12:22:15.162318Z,844256,0.18200000,33000.00000000,sell,2022-05-15 12:22:15.162318+00:00
2022-05-15T12:22:15.162318Z,844255,0.18200000,80000.00000000,sell,2022-05-15 12:22:15.162318+00:00
2022-05-15T12:22:15.162318Z,844254,0.18190000,700.00000000,sell,2022-05-15 12:22:15.162318+00:00
2022-05-15T12:22:15.162318Z,844253,0.18190000,4160.50000000,sell,2022-05-15 12:22:15.162318+00:00
2022-05-15T12:22:15.162318Z,844252,0.18180000,375.00000000,sell,2022-05-15 12:22:15.162318+00:00
2022-05-15T12:22:15.162318Z,844251,0.18160000,498.30000000,sell,2022-05-15 12:22:15.162318+00:00
2022-05-15T12:21:11.194728Z,844250,0.18120000,25.00000000,sell,2022-05-15 12:21:11.194728+00:00
2022-05-15T12:20:52.517824Z,844249,0.18140000,747.40000000,sell,2022-05-15 12:20:52.517824+00:00
2022-05-15T12:20:52.517824Z,844248,0.18130000,350.00000000,sell,2022-05-15 12:20:52.517824+00:00
2022-05-15T12:20:36.742273Z,844247,0.18120000,101.70000000,sell,2022-05-15 12:20:36.742273+00:00
2022-05-15T12:20:35.253768Z,844246,0.18080000,7.00000000,sell,2022-05-15 12:20:35.253768+00:00
2022-05-15T12:20:25.005717Z,844245,0.18060000,72.00000000,buy,2022-05-15 12:20:25.005717+00:00
2022-05-15T12:17:55.911356Z,844244,0.18130000,3.60000000,buy,2022-05-15 12:17:55.911356+00:00
2022-05-15T12:17:53.663075Z,844243,0.18130000,51.60000000,sell,2022-05-15 12:17:53.663075+00:00
2022-05-15T12:17:50.967836Z,844242,0.18020000,350.00000000,sell,2022-05-15 12:17:50.967836+00:00
2022-05-15T12:17:50.513538Z,844241,0.18020000,4405.10000000,sell,2022-05-15 12:17:50.513538+00:00
2022-05-15T12:17:50.486435Z,844240,0.18020000,4753.80000000,sell,2022-05-15 12:17:50.486435+00:00
2022-05-15T12:17:50.343895Z,844239,0.18020000,47.00000000,sell,2022-05-15 12:17:50.343895+00:00
2022-05-15T12:17:50.343192Z,844238,0.18020000,923.00000000,sell,2022-05-15 12:17:50.343192+00:00
2022-05-15T12:17:50.220323Z,844237,0.18020000,10150.00000000,sell,2022-05-15 12:17:50.220323+00:00
2022-05-15T12:17:50.203993Z,844236,0.18020000,4619.40000000,sell,2022-05-15 12:17:50.203993+00:00
2022-05-15T12:17:49.967565Z,844235,0.18020000,630.50000000,sell,2022-05-15 12:17:49.967565+00:00
2022-05-15T12:17:49.967565Z,844234,0.18010000,1271.60000000,sell,2022-05-15 12:17:49.967565+00:00
2022-05-15T12:17:49.637029Z,844233,0.18010000,914.30000000,sell,2022-05-15 12:17:49.637029+00:00
2022-05-15T12:17:49.633327Z,844232,0.18010000,47.00000000,sell,2022-05-15 12:17:49.633327+00:00
2022-05-15T12:17:49.594798Z,844231,0.18010000,8433.40000000,sell,2022-05-15 12:17:49.594798+00:00
2022-05-15T12:17:49.539218Z,844230,0.18010000,6564.00000000,sell,2022-05-15 12:17:49.539218+00:00
2022-05-15T12:17:49.481522Z,844229,0.18010000,4715.30000000,sell,2022-05-15 12:17:49.481522+00:00
2022-05-15T12:17:49.412314Z,844228,0.18010000,11054.40000000,sell,2022-05-15 12:17:49.412314+00:00
2022-05-15T12:17:49.412314Z,844227,0.18010000,492.40000000,sell,2022-05-15 12:17:49.412314+00:00
2022-05-15T12:17:49.394335Z,844226,0.18010000,2.00000000,sell,2022-05-15 12:17:49.394335+00:00
2022-05-15T12:17:49.3331Z,844225,0.18010000,2.00000000,sell,2022-05-15 12:17:49.333100+00:00
2022-05-15T12:17:49.201613Z,844224,0.18010000,47.00000000,sell,2022-05-15 12:17:49.201613+00:00
2022-05-15T12:17:49.201601Z,844223,0.18000000,327.90000000,sell,2022-05-15 12:17:49.201601+00:00
2022-05-15T12:17:49.184643Z,844222,0.18000000,47.00000000,sell,2022-05-15 12:17:49.184643+00:00
2022-05-15T12:17:49.161996Z,844221,0.17990000,4.00000000,sell,2022-05-15 12:17:49.161996+00:00
2022-05-15T12:16:56.906885Z,844220,0.17950000,498.30000000,sell,2022-05-15 12:16:56.906885+00:00
2022-05-15T12:16:53.305994Z,844219,0.17940000,51.60000000,sell,2022-05-15 12:16:53.305994+00:00
2022-05-15T12:16:51.507689Z,844218,0.17880000,2.10000000,sell,2022-05-15 12:16:51.507689+00:00
2022-05-15T12:16:17.050585Z,844217,0.17870000,2392.50000000,sell,2022-05-15 12:16:17.050585+00:00
2022-05-15T12:16:15.417754Z,844216,0.17860000,350.00000000,sell,2022-05-15 12:16:15.417754+00:00
2022-05-15T12:16:15.417754Z,844215,0.17860000,1642.70000000,sell,2022-05-15 12:16:15.417754+00:00
2022-05-15T12:16:15.271919Z,844214,0.17840000,6.00000000,sell,2022-05-15 12:16:15.271919+00:00
2022-05-15T12:15:43.958313Z,844213,0.17750000,9.60000000,sell,2022-05-15 12:15:43.958313+00:00
2022-05-15T12:15:40.22855Z,844212,0.17740000,51.60000000,sell,2022-05-15 12:15:40.228550+00:00
2022-05-15T12:14:34.278587Z,844211,0.17710000,190.70000000,sell,2022-05-15 12:14:34.278587+00:00
2022-05-15T12:14:34.278587Z,844210,0.17710000,350.00000000,sell,2022-05-15 12:14:34.278587+00:00
2022-05-15T12:14:34.278587Z,844209,0.17680000,5.00000000,sell,2022-05-15 12:14:34.278587+00:00
2022-05-15T12:13:16.393006Z,844208,0.17650000,62.70000000,sell,2022-05-15 12:13:16.393006+00:00
2022-05-15T12:11:03.924115Z,844207,0.17640000,255.50000000,buy,2022-05-15 12:11:03.924115+00:00
2022-05-15T12:11:03.924115Z,844206,0.17650000,70.00000000,buy,2022-05-15 12:11:03.924115+00:00
2022-05-15T12:10:28.10236Z,844205,0.17650000,5.70000000,buy,2022-05-15 12:10:28.102360+00:00
2022-05-15T12:09:21.395103Z,844204,0.17680000,1.80000000,buy,2022-05-15 12:09:21.395103+00:00
2022-05-15T12:08:58.074671Z,844203,0.17660000,5.70000000,buy,2022-05-15 12:08:58.074671+00:00
2022-05-15T12:04:22.462727Z,844202,0.17620000,104.50000000,sell,2022-05-15 12:04:22.462727+00:00
2022-05-15T12:01:13.185488Z,844201,0.17550000,498.30000000,sell,2022-05-15 12:01:13.185488+00:00
2022-05-15T12:01:13.185488Z,844200,0.17550000,51.60000000,sell,2022-05-15 12:01:13.185488+00:00
2022-05-15T12:01:12.694378Z,844199,0.17540000,3.00000000,sell,2022-05-15 12:01:12.694378+00:00
2022-05-15T12:00:33.038768Z,844198,0.17540000,33.00000000,sell,2022-05-15 12:00:33.038768+00:00
2022-05-15T11:59:43.412797Z,844197,0.17490000,60.70000000,buy,2022-05-15 11:59:43.412797+00:00
2022-05-15T11:55:02.443439Z,844196,0.17520000,1571.10000000,sell,2022-05-15 11:55:02.443439+00:00
2022-05-15T11:54:30.966618Z,844195,0.17530000,33.00000000,sell,2022-05-15 11:54:30.966618+00:00
2022-05-15T11:53:04.084368Z,844194,0.17490000,275.20000000,buy,2022-05-15 11:53:04.084368+00:00
2022-05-15T11:50:41.945131Z,844193,0.17460000,5.90000000,sell,2022-05-15 11:50:41.945131+00:00
2022-05-15T11:46:22.10859Z,844192,0.17460000,70.00000000,buy,2022-05-15 11:46:22.108590+00:00
2022-05-15T11:46:20.589175Z,844191,0.17480000,105.20000000,sell,2022-05-15 11:46:20.589175+00:00
2022-05-15T11:46:16.871101Z,844190,0.17460000,280.00000000,buy,2022-05-15 11:46:16.871101+00:00
2022-05-15T11:46:16.723424Z,844189,0.17460000,350.00000000,buy,2022-05-15 11:46:16.723424+00:00
2022-05-15T11:46:04.193665Z,844188,0.17400000,350.00000000,sell,2022-05-15 11:46:04.193665+00:00
2022-05-15T11:43:35.548826Z,844187,0.17400000,4.00000000,buy,2022-05-15 11:43:35.548826+00:00
2022-05-15T11:41:21.054588Z,844186,0.17460000,4.00000000,buy,2022-05-15 11:41:21.054588+00:00
2022-05-15T11:39:39.687285Z,844185,0.17470000,49.00000000,buy,2022-05-15 11:39:39.687285+00:00
2022-05-15T11:39:33.875424Z,844184,0.17510000,236.10000000,sell,2022-05-15 11:39:33.875424+00:00
2022-05-15T11:36:48.513031Z,844183,0.17490000,202.10000000,sell,2022-05-15 11:36:48.513031+00:00
2022-05-15T11:36:48.513031Z,844182,0.17480000,350.00000000,sell,2022-05-15 11:36:48.513031+00:00
2022-05-15T11:33:46.657505Z,844181,0.17490000,22.80000000,sell,2022-05-15 11:33:46.657505+00:00
2022-05-15T11:32:18.634117Z,844180,0.17440000,42.50000000,buy,2022-05-15 11:32:18.634117+00:00
2022-05-15T11:26:46.968973Z,844179,0.17320000,94.00000000,buy,2022-05-15 11:26:46.968973+00:00
2022-05-15T11:26:46.968973Z,844178,0.17320000,210.00000000,buy,2022-05-15 11:26:46.968973+00:00
2022-05-15T11:26:13.719138Z,844177,0.17380000,29.30000000,sell,2022-05-15 11:26:13.719138+00:00
2022-05-15T11:25:04.893842Z,844176,0.17310000,728.90000000,buy,2022-05-15 11:25:04.893842+00:00
2022-05-15T11:19:46.293547Z,844175,0.17300000,2000.00000000,buy,2022-05-15 11:19:46.293547+00:00
2022-05-15T11:19:27.317298Z,844174,0.17310000,494.90000000,buy,2022-05-15 11:19:27.317298+00:00
2022-05-15T11:18:20.656302Z,844173,0.17320000,42.70000000,buy,2022-05-15 11:18:20.656302+00:00
2022-05-15T11:18:14.248914Z,844172,0.17310000,28.80000000,buy,2022-05-15 11:18:14.248914+00:00
2022-05-15T11:16:03.989511Z,844171,0.17340000,498.30000000,buy,2022-05-15 11:16:03.989511+00:00
2022-05-15T11:15:56.947623Z,844170,0.17360000,3.00000000,buy,2022-05-15 11:15:56.947623+00:00
2022-05-15T11:15:56.947623Z,844169,0.17360000,35.60000000,buy,2022-05-15 11:15:56.947623+00:00
2022-05-15T11:15:00.418939Z,844168,0.17360000,16.00000000,buy,2022-05-15 11:15:00.418939+00:00
2022-05-15T11:14:29.603533Z,844167,0.17380000,136.80000000,sell,2022-05-15 11:14:29.603533+00:00
2022-05-15T11:13:30.81162Z,844166,0.17400000,1995.30000000,buy,2022-05-15 11:13:30.811620+00:00
2022-05-15T11:13:28.87216Z,844165,0.17420000,1159.90000000,buy,2022-05-15 11:13:28.872160+00:00
2022-05-15T11:11:57.001817Z,844164,0.17420000,2.90000000,buy,2022-05-15 11:11:57.001817+00:00
2022-05-15T11:07:32.180921Z,844163,0.17400000,25.20000000,sell,2022-05-15 11:07:32.180921+00:00
2022-05-15T11:07:30.761485Z,844162,0.17410000,3.00000000,buy,2022-05-15 11:07:30.761485+00:00
2022-05-15T11:06:39.844569Z,844161,0.17420000,120.00000000,buy,2022-05-15 11:06:39.844569+00:00
2022-05-15T11:06:39.844569Z,844160,0.17430000,280.00000000,buy,2022-05-15 11:06:39.844569+00:00
2022-05-15T11:04:06.783562Z,844159,0.17480000,763.70000000,sell,2022-05-15 11:04:06.783562+00:00
2022-05-15T10:59:01.506216Z,844158,0.17570000,21.50000000,sell,2022-05-15 10:59:01.506216+00:00
2022-05-15T10:59:01.506216Z,844157,0.17550000,498.30000000,sell,2022-05-15 10:59:01.506216+00:00
2022-05-15T10:59:01.506216Z,844156,0.17550000,51.60000000,sell,2022-05-15 10:59:01.506216+00:00
2022-05-15T10:58:15.539317Z,844155,0.17510000,35.20000000,buy,2022-05-15 10:58:15.539317+00:00
2022-05-15T10:56:11.272827Z,844154,0.17430000,49.60000000,sell,2022-05-15 10:56:11.272827+00:00
2022-05-15T10:56:11.272827Z,844153,0.17410000,4.00000000,sell,2022-05-15 10:56:11.272827+00:00
2022-05-15T10:54:17.579067Z,844152,0.17400000,28.70000000,buy,2022-05-15 10:54:17.579067+00:00
2022-05-15T10:54:15.203764Z,844151,0.17410000,32.60000000,buy,2022-05-15 10:54:15.203764+00:00
2022-05-15T10:53:22.731553Z,844150,0.17440000,247.30000000,sell,2022-05-15 10:53:22.731553+00:00
2022-05-15T10:52:30.944696Z,844149,0.17400000,40.40000000,buy,2022-05-15 10:52:30.944696+00:00
2022-05-15T10:52:30.944696Z,844148,0.17410000,210.00000000,buy,2022-05-15 10:52:30.944696+00:00
2022-05-15T10:50:51.667231Z,844147,0.17400000,0.10000000,sell,2022-05-15 10:50:51.667231+00:00
2022-05-15T10:50:51.667231Z,844146,0.17360000,51.60000000,sell,2022-05-15 10:50:51.667231+00:00
2022-05-15T10:50:43.179504Z,844145,0.17340000,498.30000000,sell,2022-05-15 10:50:43.179504+00:00
2022-05-15T10:50:36.964199Z,844144,0.17320000,1645.80000000,sell,2022-05-15 10:50:36.964199+00:00
2022-05-15T10:50:32.310847Z,844143,0.17290000,3.00000000,sell,2022-05-15 10:50:32.310847+00:00
2022-05-15T10:49:02.793734Z,844142,0.17280000,71.50000000,buy,2022-05-15 10:49:02.793734+00:00
2022-05-15T10:48:58.74846Z,844141,0.17280000,291.10000000,buy,2022-05-15 10:48:58.748460+00:00
2022-05-15T10:48:44.425087Z,844140,0.17290000,1184.50000000,sell,2022-05-15 10:48:44.425087+00:00
2022-05-15T10:48:44.24571Z,844139,0.17290000,2107.00000000,sell,2022-05-15 10:48:44.245710+00:00
2022-05-15T10:42:43.879946Z,844138,0.17160000,40.90000000,buy,2022-05-15 10:42:43.879946+00:00
2022-05-15T10:32:16.220603Z,844137,0.17080000,2931.10000000,buy,2022-05-15 10:32:16.220603+00:00
2022-05-15T10:32:16.220603Z,844136,0.17090000,350.00000000,buy,2022-05-15 10:32:16.220603+00:00
2022-05-15T10:32:16.220603Z,844135,0.17110000,3.00000000,buy,2022-05-15 10:32:16.220603+00:00
2022-05-15T10:31:46.546478Z,844134,0.17130000,400.00000000,sell,2022-05-15 10:31:46.546478+00:00
2022-05-15T10:21:48.592547Z,844133,0.17080000,2.40000000,buy,2022-05-15 10:21:48.592547+00:00
2022-05-15T10:20:48.788093Z,844132,0.17120000,2.70000000,buy,2022-05-15 10:20:48.788093+00:00
2022-05-15T10:20:41.214285Z,844131,0.17140000,2.20000000,sell,2022-05-15 10:20:41.214285+00:00
2022-05-15T10:19:54.091409Z,844130,0.17120000,2.40000000,sell,2022-05-15 10:19:54.091409+00:00
2022-05-15T10:19:39.762638Z,844129,0.17100000,107.70000000,sell,2022-05-15 10:19:39.762638+00:00
2022-05-15T10:16:31.950777Z,844128,0.17150000,90.30000000,buy,2022-05-15 10:16:31.950777+00:00
2022-05-15T10:15:38.753986Z,844127,0.17170000,142.50000000,sell,2022-05-15 10:15:38.753986+00:00
2022-05-15T10:14:04.19433Z,844126,0.17170000,23.20000000,sell,2022-05-15 10:14:04.194330+00:00
2022-05-15T10:13:42.51559Z,844125,0.17140000,947.10000000,buy,2022-05-15 10:13:42.515590+00:00
2022-05-15T10:13:42.51559Z,844124,0.17140000,350.00000000,buy,2022-05-15 10:13:42.515590+00:00
2022-05-15T10:13:36.518419Z,844123,0.17170000,131.50000000,sell,2022-05-15 10:13:36.518419+00:00
2022-05-15T10:08:15.42273Z,844122,0.17140000,498.30000000,buy,2022-05-15 10:08:15.422730+00:00
2022-05-15T10:07:28.241497Z,844121,0.17160000,51.60000000,buy,2022-05-15 10:07:28.241497+00:00
2022-05-15T10:06:04.579408Z,844120,0.17180000,5.70000000,sell,2022-05-15 10:06:04.579408+00:00
2022-05-15T10:04:44.14778Z,844119,0.17250000,23.10000000,sell,2022-05-15 10:04:44.147780+00:00
2022-05-15T10:04:28.967254Z,844118,0.17240000,11.90000000,buy,2022-05-15 10:04:28.967254+00:00
2022-05-15T09:59:22.304025Z,844117,0.17300000,53.10000000,buy,2022-05-15 09:59:22.304025+00:00
2022-05-15T09:58:48.642233Z,844116,0.17300000,7.80000000,buy,2022-05-15 09:58:48.642233+00:00
2022-05-15T09:57:46.345289Z,844115,0.17400000,479.00000000,buy,2022-05-15 09:57:46.345289+00:00
2022-05-15T09:57:45.836088Z,844114,0.17390000,3108.00000000,buy,2022-05-15 09:57:45.836088+00:00
2022-05-15T09:57:45.822484Z,844113,0.17430000,1784.30000000,buy,2022-05-15 09:57:45.822484+00:00
2022-05-15T09:57:38.740693Z,844112,0.17360000,51.60000000,sell,2022-05-15 09:57:38.740693+00:00
2022-05-15T09:57:21.87798Z,844111,0.17340000,498.30000000,sell,2022-05-15 09:57:21.877980+00:00
2022-05-15T09:57:17.035988Z,844110,0.17270000,350.00000000,sell,2022-05-15 09:57:17.035988+00:00
2022-05-15T09:42:50.262283Z,844109,0.17180000,200.00000000,sell,2022-05-15 09:42:50.262283+00:00
2022-05-15T09:38:55.103988Z,844108,0.17140000,327.10000000,buy,2022-05-15 09:38:55.103988+00:00
2022-05-15T09:37:31.836945Z,844107,0.17170000,3.00000000,buy,2022-05-15 09:37:31.836945+00:00
2022-05-15T09:36:03.449544Z,844106,0.17180000,560.60000000,buy,2022-05-15 09:36:03.449544+00:00
2022-05-15T09:35:49.072832Z,844105,0.17180000,107.60000000,buy,2022-05-15 09:35:49.072832+00:00
2022-05-15T09:31:03.682149Z,844104,0.17240000,3.00000000,buy,2022-05-15 09:31:03.682149+00:00
2022-05-15T09:28:42.091565Z,844103,0.17260000,277.60000000,buy,2022-05-15 09:28:42.091565+00:00
2022-05-15T09:27:28.030478Z,844102,0.17260000,72.40000000,buy,2022-05-15 09:27:28.030478+00:00
2022-05-15T09:23:56.73865Z,844101,0.17250000,33.70000000,buy,2022-05-15 09:23:56.738650+00:00
2022-05-15T09:19:27.032832Z,844100,0.17250000,550.00000000,buy,2022-05-15 09:19:27.032832+00:00
2022-05-15T09:18:56.170121Z,844099,0.17220000,7.20000000,buy,2022-05-15 09:18:56.170121+00:00
2022-05-15T09:18:07.933856Z,844098,0.17250000,2.80000000,sell,2022-05-15 09:18:07.933856+00:00
2022-05-15T09:18:07.933856Z,844097,0.17210000,3.00000000,sell,2022-05-15 09:18:07.933856+00:00
2022-05-15T09:17:33.761206Z,844096,0.17200000,7.40000000,buy,2022-05-15 09:17:33.761206+00:00
2022-05-15T09:17:31.116486Z,844095,0.17180000,271.40000000,buy,2022-05-15 09:17:31.116486+00:00
2022-05-15T09:17:10.294695Z,844094,0.17170000,3.00000000,sell,2022-05-15 09:17:10.294695+00:00
2022-05-15T09:16:52.378106Z,844093,0.17150000,28.40000000,buy,2022-05-15 09:16:52.378106+00:00
2022-05-15T09:16:16.245527Z,844092,0.17110000,29.60000000,buy,2022-05-15 09:16:16.245527+00:00
2022-05-15T09:06:06.721966Z,844091,0.17090000,3.00000000,buy,2022-05-15 09:06:06.721966+00:00
2022-05-15T09:03:35.312157Z,844090,0.17130000,107.70000000,sell,2022-05-15 09:03:35.312157+00:00
2022-05-15T09:03:02.321414Z,844089,0.17130000,29.10000000,sell,2022-05-15 09:03:02.321414+00:00
2022-05-15T09:02:54.962202Z,844088,0.17120000,136.50000000,sell,2022-05-15 09:02:54.962202+00:00
2022-05-15T09:00:04.704548Z,844087,0.17090000,251.60000000,buy,2022-05-15 09:00:04.704548+00:00
2022-05-15T09:00:04.704548Z,844086,0.17090000,350.00000000,buy,2022-05-15 09:00:04.704548+00:00
2022-05-15T09:00:04.704548Z,844085,0.17110000,378.00000000,buy,2022-05-15 09:00:04.704548+00:00
2022-05-15T08:57:25.870228Z,844084,0.17170000,52.20000000,sell,2022-05-15 08:57:25.870228+00:00
2022-05-15T08:56:35.365585Z,844083,0.17130000,64.50000000,buy,2022-05-15 08:56:35.365585+00:00
2022-05-15T08:55:50.130837Z,844082,0.17150000,5.80000000,sell,2022-05-15 08:55:50.130837+00:00
2022-05-15T08:51:25.884381Z,844081,0.17240000,1.80000000,sell,2022-05-15 08:51:25.884381+00:00
2022-05-15T08:48:32.1855Z,844080,0.17170000,12.40000000,buy,2022-05-15 08:48:32.185500+00:00
2022-05-15T08:46:15.101948Z,844079,0.17260000,495.00000000,buy,2022-05-15 08:46:15.101948+00:00
2022-05-15T08:45:41.520138Z,844078,0.17270000,1263.40000000,buy,2022-05-15 08:45:41.520138+00:00
2022-05-15T08:43:22.72581Z,844077,0.17240000,165.30000000,buy,2022-05-15 08:43:22.725810+00:00
2022-05-15T08:31:14.43235Z,844076,0.17170000,289.80000000,sell,2022-05-15 08:31:14.432350+00:00
2022-05-15T08:30:21.363439Z,844075,0.17130000,350.00000000,buy,2022-05-15 08:30:21.363439+00:00
2022-05-15T08:30:06.171673Z,844074,0.17150000,350.00000000,buy,2022-05-15 08:30:06.171673+00:00
2022-05-15T08:25:15.654615Z,844073,0.17300000,336.00000000,buy,2022-05-15 08:25:15.654615+00:00
2022-05-15T08:25:15.598465Z,844072,0.17300000,2190.80000000,buy,2022-05-15 08:25:15.598465+00:00
2022-05-15T08:23:49.938506Z,844071,0.17140000,1931.90000000,buy,2022-05-15 08:23:49.938506+00:00
2022-05-15T08:23:28.2674Z,844070,0.17190000,1239.30000000,sell,2022-05-15 08:23:28.267400+00:00
2022-05-15T08:23:28.2674Z,844069,0.17180000,70.00000000,sell,2022-05-15 08:23:28.267400+00:00
2022-05-15T08:23:28.2674Z,844068,0.17180000,622.60000000,sell,2022-05-15 08:23:28.267400+00:00
2022-05-15T08:22:33.80257Z,844067,0.17150000,3.70000000,buy,2022-05-15 08:22:33.802570+00:00
2022-05-15T08:22:30.402983Z,844066,0.17140000,23.20000000,buy,2022-05-15 08:22:30.402983+00:00
2022-05-15T08:22:16.379657Z,844065,0.17150000,2478.70000000,sell,2022-05-15 08:22:16.379657+00:00
2022-05-15T08:22:16.379657Z,844064,0.17140000,4028.70000000,sell,2022-05-15 08:22:16.379657+00:00
2022-05-15T08:22:16.379657Z,844063,0.17140000,1960.00000000,sell,2022-05-15 08:22:16.379657+00:00
2022-05-15T08:22:16.379657Z,844062,0.17130000,2821.80000000,sell,2022-05-15 08:22:16.379657+00:00
2022-05-15T08:22:16.379657Z,844061,0.17130000,280.00000000,sell,2022-05-15 08:22:16.379657+00:00
2022-05-15T08:22:16.379657Z,844060,0.17130000,622.60000000,sell,2022-05-15 08:22:16.379657+00:00
2022-05-15T08:19:56.167628Z,844059,0.17100000,52.40000000,sell,2022-05-15 08:19:56.167628+00:00
2022-05-15T08:18:46.304161Z,844058,0.17140000,185.00000000,sell,2022-05-15 08:18:46.304161+00:00
2022-05-15T08:18:45.237735Z,844057,0.17110000,1245.20000000,sell,2022-05-15 08:18:45.237735+00:00
2022-05-15T08:15:57.628195Z,844056,0.17090000,135.50000000,buy,2022-05-15 08:15:57.628195+00:00
2022-05-15T08:15:52.769648Z,844055,0.17120000,343.60000000,buy,2022-05-15 08:15:52.769648+00:00
2022-05-15T08:15:45.176794Z,844054,0.17140000,498.30000000,buy,2022-05-15 08:15:45.176794+00:00
2022-05-15T08:15:40.833201Z,844053,0.17150000,175.40000000,buy,2022-05-15 08:15:40.833201+00:00
2022-05-15T08:15:40.030795Z,844052,0.17160000,51.60000000,buy,2022-05-15 08:15:40.030795+00:00
2022-05-15T08:15:00.195324Z,844051,0.17170000,2490.30000000,sell,2022-05-15 08:15:00.195324+00:00
2022-05-15T08:12:21.485852Z,844050,0.17250000,3.00000000,buy,2022-05-15 08:12:21.485852+00:00
2022-05-15T08:11:18.203237Z,844049,0.17250000,57.70000000,sell,2022-05-15 08:11:18.203237+00:00
2022-05-15T08:08:36.394879Z,844048,0.17230000,28.40000000,sell,2022-05-15 08:08:36.394879+00:00
2022-05-15T08:08:34.410108Z,844047,0.17210000,87.00000000,buy,2022-05-15 08:08:34.410108+00:00
2022-05-15T08:07:33.118061Z,844046,0.17240000,17.20000000,sell,2022-05-15 08:07:33.118061+00:00
2022-05-15T08:07:27.822763Z,844045,0.17230000,279.50000000,buy,2022-05-15 08:07:27.822763+00:00
2022-05-15T08:07:27.822763Z,844044,0.17240000,563.70000000,buy,2022-05-15 08:07:27.822763+00:00
2022-05-15T08:05:55.122111Z,844043,0.17240000,2210.90000000,sell,2022-05-15 08:05:55.122111+00:00
2022-05-15T08:01:31.283158Z,844042,0.17310000,51.80000000,sell,2022-05-15 08:01:31.283158+00:00
2022-05-15T08:00:14.689383Z,844041,0.17280000,427.30000000,buy,2022-05-15 08:00:14.689383+00:00
2022-05-15T07:58:35.294455Z,844040,0.17340000,338.00000000,sell,2022-05-15 07:58:35.294455+00:00
2022-05-15T07:57:54.36676Z,844039,0.17310000,2343.60000000,buy,2022-05-15 07:57:54.366760+00:00
2022-05-15T07:57:54.001189Z,844038,0.17310000,2529.00000000,buy,2022-05-15 07:57:54.001189+00:00
2022-05-15T07:56:29.091829Z,844037,0.17250000,2325.90000000,sell,2022-05-15 07:56:29.091829+00:00
2022-05-15T07:56:29.067056Z,844036,0.17250000,1960.00000000,buy,2022-05-15 07:56:29.067056+00:00
2022-05-15T07:56:29.067056Z,844035,0.17250000,309.80000000,buy,2022-05-15 07:56:29.067056+00:00
2022-05-15T07:56:29.067056Z,844034,0.17250000,3785.40000000,buy,2022-05-15 07:56:29.067056+00:00
2022-05-15T07:56:29.067056Z,844033,0.17260000,516.70000000,buy,2022-05-15 07:56:29.067056+00:00
2022-05-15T07:56:29.067056Z,844032,0.17260000,350.00000000,buy,2022-05-15 07:56:29.067056+00:00
2022-05-15T07:53:27.140811Z,844031,0.17350000,556.00000000,sell,2022-05-15 07:53:27.140811+00:00
2022-05-15T07:52:04.318217Z,844030,0.17370000,477.40000000,buy,2022-05-15 07:52:04.318217+00:00
2022-05-15T07:51:23.141189Z,844029,0.17340000,57.60000000,buy,2022-05-15 07:51:23.141189+00:00
2022-05-15T07:50:48.617387Z,844028,0.17340000,498.30000000,buy,2022-05-15 07:50:48.617387+00:00
2022-05-15T07:47:51.312693Z,844027,0.17360000,51.60000000,buy,2022-05-15 07:47:51.312693+00:00
2022-05-15T07:47:03.566803Z,844026,0.17370000,627.50000000,buy,2022-05-15 07:47:03.566803+00:00
2022-05-15T07:43:47.466768Z,844025,0.17530000,300.00000000,sell,2022-05-15 07:43:47.466768+00:00
2022-05-15T07:42:55.994104Z,844024,0.17490000,350.50000000,buy,2022-05-15 07:42:55.994104+00:00
2022-05-15T07:42:07.78098Z,844023,0.17480000,350.30000000,buy,2022-05-15 07:42:07.780980+00:00
2022-05-15T07:41:14.756844Z,844022,0.17480000,414.90000000,buy,2022-05-15 07:41:14.756844+00:00
2022-05-15T07:41:14.756844Z,844021,0.17490000,350.00000000,buy,2022-05-15 07:41:14.756844+00:00
2022-05-15T07:40:58.755255Z,844020,0.17500000,709.60000000,buy,2022-05-15 07:40:58.755255+00:00
2022-05-15T07:38:26.254588Z,844019,0.17460000,0.70000000,sell,2022-05-15 07:38:26.254588+00:00
2022-05-15T07:38:26.254588Z,844018,0.17450000,280.00000000,sell,2022-05-15 07:38:26.254588+00:00
2022-05-15T07:37:23.052006Z,844017,0.17410000,140.70000000,buy,2022-05-15 07:37:23.052006+00:00
2022-05-15T07:36:47.989321Z,844016,0.17420000,296.90000000,sell,2022-05-15 07:36:47.989321+00:00
2022-05-15T07:36:12.521488Z,844015,0.17420000,15.90000000,buy,2022-05-15 07:36:12.521488+00:00
2022-05-15T07:35:41.608837Z,844014,0.17410000,23.90000000,buy,2022-05-15 07:35:41.608837+00:00
2022-05-15T07:35:41.608837Z,844013,0.17410000,5.00000000,buy,2022-05-15 07:35:41.608837+00:00
2022-05-15T07:35:14.410277Z,844012,0.17430000,1378.60000000,sell,2022-05-15 07:35:14.410277+00:00
2022-05-15T07:34:52.845184Z,844011,0.17430000,5.40000000,sell,2022-05-15 07:34:52.845184+00:00
2022-05-15T07:33:52.685384Z,844010,0.17440000,14.50000000,sell,2022-05-15 07:33:52.685384+00:00
2022-05-15T07:31:48.429625Z,844009,0.17490000,10.70000000,buy,2022-05-15 07:31:48.429625+00:00
2022-05-15T07:26:38.49398Z,844008,0.17530000,1117.60000000,sell,2022-05-15 07:26:38.493980+00:00
2022-05-15T07:26:02.995088Z,844007,0.17550000,51.60000000,buy,2022-05-15 07:26:02.995088+00:00
2022-05-15T07:25:35.676826Z,844006,0.17580000,5.00000000,buy,2022-05-15 07:25:35.676826+00:00
2022-05-15T07:15:50.615352Z,844005,0.17720000,187.70000000,buy,2022-05-15 07:15:50.615352+00:00
2022-05-15T07:13:36.40879Z,844004,0.17690000,61.00000000,buy,2022-05-15 07:13:36.408790+00:00
2022-05-15T07:10:23.489931Z,844003,0.17750000,488.70000000,sell,2022-05-15 07:10:23.489931+00:00
2022-05-15T07:10:23.489931Z,844002,0.17740000,51.60000000,sell,2022-05-15 07:10:23.489931+00:00
2022-05-15T07:10:23.489931Z,844001,0.17720000,4.00000000,sell,2022-05-15 07:10:23.489931+00:00
2022-05-15T07:06:19.337755Z,844000,0.17620000,7.00000000,buy,2022-05-15 07:06:19.337755+00:00
2022-05-15T07:04:33.053581Z,843999,0.17620000,330.00000000,buy,2022-05-15 07:04:33.053581+00:00
2022-05-15T07:02:14.027424Z,843998,0.17690000,104.50000000,buy,2022-05-15 07:02:14.027424+00:00
2022-05-15T06:59:47.306092Z,843997,0.17660000,329.90000000,buy,2022-05-15 06:59:47.306092+00:00
2022-05-15T06:59:31.295001Z,843996,0.17680000,659.90000000,buy,2022-05-15 06:59:31.295001+00:00
2022-05-15T06:59:28.793467Z,843995,0.17690000,582.50000000,buy,2022-05-15 06:59:28.793467+00:00
2022-05-15T06:59:28.230099Z,843994,0.17690000,1107.20000000,buy,2022-05-15 06:59:28.230099+00:00
2022-05-15T06:55:14.323449Z,843993,0.17640000,350.00000000,buy,2022-05-15 06:55:14.323449+00:00
2022-05-15T06:55:03.357644Z,843992,0.17660000,580.00000000,sell,2022-05-15 06:55:03.357644+00:00
2022-05-15T06:54:55.807256Z,843991,0.17670000,332.70000000,buy,2022-05-15 06:54:55.807256+00:00
2022-05-15T06:51:41.340236Z,843990,0.17610000,4.00000000,sell,2022-05-15 06:51:41.340236+00:00
2022-05-15T06:50:05.546613Z,843989,0.17640000,2094.70000000,buy,2022-05-15 06:50:05.546613+00:00
2022-05-15T06:49:30.884178Z,843988,0.17570000,492.60000000,sell,2022-05-15 06:49:30.884178+00:00
2022-05-15T06:47:42.08335Z,843987,0.17550000,4.80000000,sell,2022-05-15 06:47:42.083350+00:00
2022-05-15T06:46:19.555369Z,843986,0.17520000,14.30000000,sell,2022-05-15 06:46:19.555369+00:00
2022-05-15T06:45:10.567287Z,843985,0.17550000,566.60000000,sell,2022-05-15 06:45:10.567287+00:00
2022-05-15T06:45:01.909225Z,843984,0.17560000,51.10000000,sell,2022-05-15 06:45:01.909225+00:00
2022-05-15T06:42:29.221866Z,843983,0.17570000,283.00000000,sell,2022-05-15 06:42:29.221866+00:00
2022-05-15T06:40:38.198228Z,843982,0.17550000,4.00000000,sell,2022-05-15 06:40:38.198228+00:00
2022-05-15T06:37:46.78425Z,843981,0.17580000,822.20000000,sell,2022-05-15 06:37:46.784250+00:00
2022-05-15T06:37:46.78425Z,843980,0.17580000,3113.70000000,sell,2022-05-15 06:37:46.784250+00:00
2022-05-15T06:37:46.78425Z,843979,0.17570000,2941.90000000,sell,2022-05-15 06:37:46.784250+00:00
2022-05-15T06:31:25.910214Z,843978,0.17540000,5.60000000,sell,2022-05-15 06:31:25.910214+00:00
2022-05-15T06:29:06.38511Z,843977,0.17490000,63.10000000,sell,2022-05-15 06:29:06.385110+00:00
