time,trade_id,price,size,side,date
2022-05-14T22:24:55.304076Z,5587615,0.22200000,1.01000000,buy,2022-05-14 22:24:55.304076+00:00
2022-05-14T22:24:25.529132Z,5587614,0.22200000,2180.94000000,buy,2022-05-14 22:24:25.529132+00:00
2022-05-14T22:24:25.529132Z,5587613,0.22200000,2000.00000000,buy,2022-05-14 22:24:25.529132+00:00
2022-05-14T22:21:00.788648Z,5587612,0.22300000,0.93000000,sell,2022-05-14 22:21:00.788648+00:00
2022-05-14T22:20:49.162779Z,5587611,0.22300000,515.78000000,sell,2022-05-14 22:20:49.162779+00:00
2022-05-14T22:20:49.162779Z,5587610,0.22300000,2000.00000000,sell,2022-05-14 22:20:49.162779+00:00
2022-05-14T22:20:49.162779Z,5587609,0.22300000,2481.21000000,sell,2022-05-14 22:20:49.162779+00:00
2022-05-14T22:20:49.162779Z,5587608,0.22300000,3.01000000,sell,2022-05-14 22:20:49.162779+00:00
2022-05-14T22:16:25.701194Z,5587607,0.22300000,0.93000000,sell,2022-05-14 22:16:25.701194+00:00
2022-05-14T22:14:25.694057Z,5587606,0.22200000,3.00000000,sell,2022-05-14 22:14:25.694057+00:00
2022-05-14T22:13:42.270831Z,5587605,0.22100000,313.32000000,buy,2022-05-14 22:13:42.270831+00:00
2022-05-14T22:12:15.431891Z,5587604,0.22100000,454.76000000,buy,2022-05-14 22:12:15.431891+00:00
2022-05-14T22:11:30.796737Z,5587603,0.22100000,0.93000000,buy,2022-05-14 22:11:30.796737+00:00
2022-05-14T22:09:53.87806Z,5587602,0.22200000,98.05000000,sell,2022-05-14 22:09:53.878060+00:00
2022-05-14T22:09:53.87806Z,5587601,0.22200000,11.67000000,sell,2022-05-14 22:09:53.878060+00:00
2022-05-14T22:07:07.407788Z,5587600,0.22000000,0.93000000,buy,2022-05-14 22:07:07.407788+00:00
2022-05-14T22:05:24.734293Z,5587599,0.22000000,2085.07000000,buy,2022-05-14 22:05:24.734293+00:00
2022-05-14T22:05:24.734293Z,5587598,0.22000000,4527.92000000,buy,2022-05-14 22:05:24.734293+00:00
2022-05-14T22:05:24.734293Z,5587597,0.22000000,2378.55000000,buy,2022-05-14 22:05:24.734293+00:00
2022-05-14T22:05:24.734293Z,5587596,0.22000000,1295.44000000,buy,2022-05-14 22:05:24.734293+00:00
2022-05-14T22:05:24.734293Z,5587595,0.22000000,1701.68000000,buy,2022-05-14 22:05:24.734293+00:00
2022-05-14T22:05:24.734293Z,5587594,0.22000000,1716.23000000,buy,2022-05-14 22:05:24.734293+00:00
2022-05-14T22:02:32.906272Z,5587593,0.22000000,0.93000000,buy,2022-05-14 22:02:32.906272+00:00
2022-05-14T22:00:25.150359Z,5587592,0.22300000,28.46000000,sell,2022-05-14 22:00:25.150359+00:00
2022-05-14T22:00:25.150359Z,5587591,0.22200000,2.84000000,sell,2022-05-14 22:00:25.150359+00:00
2022-05-14T21:59:11.26088Z,5587590,0.22100000,1.25000000,buy,2022-05-14 21:59:11.260880+00:00
2022-05-14T21:58:42.944313Z,5587589,0.22000000,120.00000000,buy,2022-05-14 21:58:42.944313+00:00
2022-05-14T21:57:49.131624Z,5587588,0.22100000,0.93000000,buy,2022-05-14 21:57:49.131624+00:00
2022-05-14T21:56:58.785134Z,5587587,0.22100000,1927.25000000,buy,2022-05-14 21:56:58.785134+00:00
2022-05-14T21:56:29.941728Z,5587586,0.22100000,0.47000000,buy,2022-05-14 21:56:29.941728+00:00
2022-05-14T21:56:26.156424Z,5587585,0.22100000,5.07000000,buy,2022-05-14 21:56:26.156424+00:00
2022-05-14T21:56:26.156424Z,5587584,0.22100000,11.67000000,buy,2022-05-14 21:56:26.156424+00:00
2022-05-14T21:55:31.647389Z,5587583,0.22200000,1000.00000000,sell,2022-05-14 21:55:31.647389+00:00
2022-05-14T21:53:33.569148Z,5587582,0.22200000,0.93000000,sell,2022-05-14 21:53:33.569148+00:00
2022-05-14T21:53:31.107221Z,5587581,0.22200000,1.07000000,sell,2022-05-14 21:53:31.107221+00:00
2022-05-14T21:52:24.549136Z,5587580,0.22200000,54.95000000,buy,2022-05-14 21:52:24.549136+00:00
2022-05-14T21:50:52.145187Z,5587579,0.22200000,224.72000000,buy,2022-05-14 21:50:52.145187+00:00
2022-05-14T21:50:22.312091Z,5587578,0.22300000,2000.00000000,sell,2022-05-14 21:50:22.312091+00:00
2022-05-14T21:50:22.312091Z,5587577,0.22300000,900.00000000,sell,2022-05-14 21:50:22.312091+00:00
2022-05-14T21:49:08.057072Z,5587576,0.22200000,0.93000000,buy,2022-05-14 21:49:08.057072+00:00
2022-05-14T21:48:31.688251Z,5587575,0.22300000,82.59000000,sell,2022-05-14 21:48:31.688251+00:00
2022-05-14T21:47:31.981328Z,5587574,0.22300000,33.88000000,sell,2022-05-14 21:47:31.981328+00:00
2022-05-14T21:47:31.981328Z,5587573,0.22300000,5.75000000,sell,2022-05-14 21:47:31.981328+00:00
2022-05-14T21:44:36.885387Z,5587572,0.22100000,0.93000000,buy,2022-05-14 21:44:36.885387+00:00
2022-05-14T21:43:12.850145Z,5587571,0.22000000,822.27000000,buy,2022-05-14 21:43:12.850145+00:00
2022-05-14T21:42:28.546725Z,5587570,0.22100000,3403.33000000,sell,2022-05-14 21:42:28.546725+00:00
2022-05-14T21:42:28.443229Z,5587569,0.22100000,6596.67000000,sell,2022-05-14 21:42:28.443229+00:00
2022-05-14T21:42:07.27478Z,5587568,0.22000000,1380.71000000,sell,2022-05-14 21:42:07.274780+00:00
2022-05-14T21:42:07.27478Z,5587567,0.22000000,2664.38000000,sell,2022-05-14 21:42:07.274780+00:00
2022-05-14T21:42:07.157497Z,5587566,0.22000000,6261.36000000,sell,2022-05-14 21:42:07.157497+00:00
2022-05-14T21:42:07.007412Z,5587565,0.22000000,6615.26000000,sell,2022-05-14 21:42:07.007412+00:00
2022-05-14T21:42:06.853612Z,5587564,0.22000000,6143.01000000,sell,2022-05-14 21:42:06.853612+00:00
2022-05-14T21:42:06.730997Z,5587563,0.22000000,6227.77000000,sell,2022-05-14 21:42:06.730997+00:00
2022-05-14T21:42:06.633817Z,5587562,0.22000000,6765.86000000,sell,2022-05-14 21:42:06.633817+00:00
2022-05-14T21:42:06.359609Z,5587561,0.22000000,6170.93000000,sell,2022-05-14 21:42:06.359609+00:00
2022-05-14T21:42:06.195273Z,5587560,0.22000000,6311.10000000,sell,2022-05-14 21:42:06.195273+00:00
2022-05-14T21:42:06.03866Z,5587559,0.22000000,6274.99000000,sell,2022-05-14 21:42:06.038660+00:00
2022-05-14T21:42:05.884609Z,5587558,0.22000000,6473.56000000,sell,2022-05-14 21:42:05.884609+00:00
2022-05-14T21:42:05.738255Z,5587557,0.22000000,6287.86000000,sell,2022-05-14 21:42:05.738255+00:00
2022-05-14T21:42:05.502511Z,5587556,0.22000000,6205.79000000,sell,2022-05-14 21:42:05.502511+00:00
2022-05-14T21:42:05.385713Z,5587555,0.22000000,6281.24000000,sell,2022-05-14 21:42:05.385713+00:00
2022-05-14T21:42:05.250731Z,5587554,0.22000000,6196.46000000,sell,2022-05-14 21:42:05.250731+00:00
2022-05-14T21:42:05.134227Z,5587553,0.22000000,6610.11000000,sell,2022-05-14 21:42:05.134227+00:00
2022-05-14T21:42:04.987327Z,5587552,0.22000000,6279.53000000,sell,2022-05-14 21:42:04.987327+00:00
2022-05-14T21:42:04.840917Z,5587551,0.22000000,6380.10000000,sell,2022-05-14 21:42:04.840917+00:00
2022-05-14T21:42:04.730995Z,5587550,0.22000000,6600.48000000,sell,2022-05-14 21:42:04.730995+00:00
2022-05-14T21:41:28.50834Z,5587549,0.22000000,18.14000000,sell,2022-05-14 21:41:28.508340+00:00
2022-05-14T21:41:10.68694Z,5587548,0.22000000,2000.00000000,buy,2022-05-14 21:41:10.686940+00:00
2022-05-14T21:40:57.556029Z,5587547,0.22100000,67.84000000,sell,2022-05-14 21:40:57.556029+00:00
2022-05-14T21:40:23.040331Z,5587546,0.22000000,67.84000000,sell,2022-05-14 21:40:23.040331+00:00
2022-05-14T21:40:21.135082Z,5587545,0.21900000,0.93000000,buy,2022-05-14 21:40:21.135082+00:00
2022-05-14T21:40:09.745341Z,5587544,0.22000000,106.32000000,sell,2022-05-14 21:40:09.745341+00:00
2022-05-14T21:36:43.754322Z,5587543,0.21800000,49.36000000,buy,2022-05-14 21:36:43.754322+00:00
2022-05-14T21:36:43.754322Z,5587542,0.21800000,18.00000000,buy,2022-05-14 21:36:43.754322+00:00
2022-05-14T21:36:23.034635Z,5587541,0.21900000,347.55000000,sell,2022-05-14 21:36:23.034635+00:00
2022-05-14T21:36:23.034635Z,5587540,0.21900000,1869.88000000,sell,2022-05-14 21:36:23.034635+00:00
2022-05-14T21:36:23.034635Z,5587539,0.21900000,1168.77000000,sell,2022-05-14 21:36:23.034635+00:00
2022-05-14T21:36:02.495248Z,5587538,0.21800000,143.61000000,buy,2022-05-14 21:36:02.495248+00:00
2022-05-14T21:36:02.495248Z,5587537,0.21800000,2510.23000000,buy,2022-05-14 21:36:02.495248+00:00
2022-05-14T21:36:02.495248Z,5587536,0.21800000,424.00000000,buy,2022-05-14 21:36:02.495248+00:00
2022-05-14T21:36:02.495248Z,5587535,0.21800000,2.40000000,buy,2022-05-14 21:36:02.495248+00:00
2022-05-14T21:36:02.495248Z,5587534,0.21800000,1999.07000000,buy,2022-05-14 21:36:02.495248+00:00
2022-05-14T21:36:01.498008Z,5587533,0.21800000,0.93000000,buy,2022-05-14 21:36:01.498008+00:00
2022-05-14T21:36:00.270217Z,5587532,0.21900000,3413.65000000,sell,2022-05-14 21:36:00.270217+00:00
2022-05-14T21:36:00.270217Z,5587531,0.21900000,1400.40000000,sell,2022-05-14 21:36:00.270217+00:00
2022-05-14T21:36:00.270217Z,5587530,0.21900000,18.00000000,sell,2022-05-14 21:36:00.270217+00:00
2022-05-14T21:36:00.270217Z,5587529,0.21900000,247.26000000,sell,2022-05-14 21:36:00.270217+00:00
2022-05-14T21:35:42.7907Z,5587528,0.21700000,2546.90000000,buy,2022-05-14 21:35:42.790700+00:00
2022-05-14T21:35:42.7907Z,5587527,0.21800000,2510.23000000,buy,2022-05-14 21:35:42.790700+00:00
2022-05-14T21:35:42.7907Z,5587526,0.21800000,1715.26000000,buy,2022-05-14 21:35:42.790700+00:00
2022-05-14T21:35:40.278291Z,5587525,0.21900000,2194.71000000,sell,2022-05-14 21:35:40.278291+00:00
2022-05-14T21:35:40.278291Z,5587524,0.21900000,4577.68000000,sell,2022-05-14 21:35:40.278291+00:00
2022-05-14T21:35:04.02379Z,5587523,0.21800000,284.74000000,buy,2022-05-14 21:35:04.023790+00:00
2022-05-14T21:32:32.389182Z,5587522,0.21800000,317.73000000,buy,2022-05-14 21:32:32.389182+00:00
2022-05-14T21:31:49.030855Z,5587521,0.21800000,15.00000000,buy,2022-05-14 21:31:49.030855+00:00
2022-05-14T21:31:33.650562Z,5587520,0.21800000,12.00000000,buy,2022-05-14 21:31:33.650562+00:00
2022-05-14T21:31:26.946998Z,5587519,0.21800000,0.93000000,buy,2022-05-14 21:31:26.946998+00:00
2022-05-14T21:30:11.827018Z,5587518,0.21800000,298.85000000,buy,2022-05-14 21:30:11.827018+00:00
2022-05-14T21:26:45.443672Z,5587517,0.21700000,1210.64000000,buy,2022-05-14 21:26:45.443672+00:00
2022-05-14T21:26:30.44339Z,5587516,0.21700000,0.93000000,buy,2022-05-14 21:26:30.443390+00:00
2022-05-14T21:24:28.842714Z,5587515,0.21800000,289.92000000,sell,2022-05-14 21:24:28.842714+00:00
2022-05-14T21:24:28.842714Z,5587514,0.21800000,1999.07000000,sell,2022-05-14 21:24:28.842714+00:00
2022-05-14T21:22:14.912659Z,5587513,0.21700000,1234.78000000,buy,2022-05-14 21:22:14.912659+00:00
2022-05-14T21:22:01.77452Z,5587512,0.21800000,0.93000000,sell,2022-05-14 21:22:01.774520+00:00
2022-05-14T21:20:05.33768Z,5587511,0.21800000,1210.64000000,sell,2022-05-14 21:20:05.337680+00:00
2022-05-14T21:13:37.139635Z,5587510,0.21800000,661.17000000,sell,2022-05-14 21:13:37.139635+00:00
2022-05-14T21:12:53.90889Z,5587509,0.21700000,1390.85000000,buy,2022-05-14 21:12:53.908890+00:00
2022-05-14T21:12:36.144003Z,5587508,0.21800000,0.93000000,sell,2022-05-14 21:12:36.144003+00:00
2022-05-14T21:11:38.23484Z,5587507,0.21700000,2000.00000000,buy,2022-05-14 21:11:38.234840+00:00
2022-05-14T21:11:23.392034Z,5587506,0.21800000,49.56000000,sell,2022-05-14 21:11:23.392034+00:00
2022-05-14T21:10:11.304198Z,5587505,0.21900000,18.22000000,sell,2022-05-14 21:10:11.304198+00:00
2022-05-14T21:10:09.739826Z,5587504,0.21900000,27.92000000,sell,2022-05-14 21:10:09.739826+00:00
2022-05-14T21:08:06.900874Z,5587503,0.21700000,0.93000000,buy,2022-05-14 21:08:06.900874+00:00
2022-05-14T21:06:25.672997Z,5587502,0.21700000,2.20000000,sell,2022-05-14 21:06:25.672997+00:00
2022-05-14T21:05:40.36259Z,5587501,0.21700000,1949.71000000,buy,2022-05-14 21:05:40.362590+00:00
2022-05-14T21:05:36.401674Z,5587500,0.21700000,1364.22000000,buy,2022-05-14 21:05:36.401674+00:00
2022-05-14T21:04:59.906689Z,5587499,0.21700000,126.22000000,buy,2022-05-14 21:04:59.906689+00:00
2022-05-14T21:03:51.308737Z,5587498,0.21700000,0.93000000,buy,2022-05-14 21:03:51.308737+00:00
2022-05-14T21:03:12.471761Z,5587497,0.21800000,97.94000000,buy,2022-05-14 21:03:12.471761+00:00
2022-05-14T21:02:35.579074Z,5587496,0.21900000,173.52000000,sell,2022-05-14 21:02:35.579074+00:00
2022-05-14T20:59:46.806988Z,5587495,0.21800000,4.93000000,buy,2022-05-14 20:59:46.806988+00:00
2022-05-14T20:59:23.393237Z,5587494,0.21800000,0.93000000,buy,2022-05-14 20:59:23.393237+00:00
2022-05-14T20:55:46.15607Z,5587493,0.21800000,21.01000000,buy,2022-05-14 20:55:46.156070+00:00
2022-05-14T20:55:26.421802Z,5587492,0.21800000,0.93000000,buy,2022-05-14 20:55:26.421802+00:00
2022-05-14T20:53:23.094185Z,5587491,0.21800000,2.20000000,buy,2022-05-14 20:53:23.094185+00:00
2022-05-14T20:53:02.155872Z,5587490,0.21900000,111.89000000,sell,2022-05-14 20:53:02.155872+00:00
2022-05-14T20:51:40.932055Z,5587489,0.21800000,0.93000000,buy,2022-05-14 20:51:40.932055+00:00
2022-05-14T20:51:38.529782Z,5587488,0.21800000,1.09000000,buy,2022-05-14 20:51:38.529782+00:00
2022-05-14T20:50:24.304848Z,5587487,0.21900000,203.72000000,sell,2022-05-14 20:50:24.304848+00:00
2022-05-14T20:49:36.076206Z,5587486,0.21900000,11.74000000,buy,2022-05-14 20:49:36.076206+00:00
2022-05-14T20:49:06.224447Z,5587485,0.22000000,17.60000000,sell,2022-05-14 20:49:06.224447+00:00
2022-05-14T20:48:00.319551Z,5587484,0.21800000,76.69000000,buy,2022-05-14 20:48:00.319551+00:00
2022-05-14T20:47:40.723132Z,5587483,0.21800000,155.03000000,buy,2022-05-14 20:47:40.723132+00:00
2022-05-14T20:47:40.723132Z,5587482,0.21800000,10.81000000,buy,2022-05-14 20:47:40.723132+00:00
2022-05-14T20:47:03.661873Z,5587481,0.21800000,0.93000000,buy,2022-05-14 20:47:03.661873+00:00
2022-05-14T20:44:14.627618Z,5587480,0.22000000,2160.00000000,buy,2022-05-14 20:44:14.627618+00:00
2022-05-14T20:42:51.591996Z,5587479,0.22100000,134.38000000,sell,2022-05-14 20:42:51.591996+00:00
2022-05-14T20:42:08.114923Z,5587478,0.22100000,113.13000000,sell,2022-05-14 20:42:08.114923+00:00
2022-05-14T20:41:43.767933Z,5587477,0.22100000,0.93000000,sell,2022-05-14 20:41:43.767933+00:00
2022-05-14T20:40:18.749366Z,5587476,0.22000000,17.67000000,buy,2022-05-14 20:40:18.749366+00:00
2022-05-14T20:40:18.545479Z,5587475,0.22000000,10086.55000000,sell,2022-05-14 20:40:18.545479+00:00
2022-05-14T20:40:18.530516Z,5587474,0.22000000,14580.21000000,sell,2022-05-14 20:40:18.530516+00:00
2022-05-14T20:40:18.517063Z,5587473,0.22000000,333.24000000,sell,2022-05-14 20:40:18.517063+00:00
2022-05-14T20:40:18.517063Z,5587472,0.22000000,18.00000000,sell,2022-05-14 20:40:18.517063+00:00
2022-05-14T20:38:57.135791Z,5587471,0.22000000,2160.00000000,buy,2022-05-14 20:38:57.135791+00:00
2022-05-14T20:36:40.085052Z,5587470,0.22000000,1928.34000000,buy,2022-05-14 20:36:40.085052+00:00
2022-05-14T20:36:40.085052Z,5587469,0.22000000,1425.20000000,buy,2022-05-14 20:36:40.085052+00:00
2022-05-14T20:36:40.085052Z,5587468,0.22000000,2000.00000000,buy,2022-05-14 20:36:40.085052+00:00
2022-05-14T20:36:40.085052Z,5587467,0.22000000,6.00000000,buy,2022-05-14 20:36:40.085052+00:00
2022-05-14T20:36:40.085052Z,5587466,0.22000000,6.00000000,buy,2022-05-14 20:36:40.085052+00:00
2022-05-14T20:36:40.085052Z,5587465,0.22000000,1098.33000000,buy,2022-05-14 20:36:40.085052+00:00
2022-05-14T20:36:36.367345Z,5587464,0.22000000,0.93000000,buy,2022-05-14 20:36:36.367345+00:00
2022-05-14T20:35:19.068834Z,5587463,0.22100000,1.83000000,sell,2022-05-14 20:35:19.068834+00:00
2022-05-14T20:35:19.068834Z,5587462,0.22100000,9.62000000,sell,2022-05-14 20:35:19.068834+00:00
2022-05-14T20:35:19.068834Z,5587461,0.22100000,3098.14000000,sell,2022-05-14 20:35:19.068834+00:00
2022-05-14T20:35:19.059338Z,5587460,0.22100000,6733.99000000,sell,2022-05-14 20:35:19.059338+00:00
2022-05-14T20:35:18.985431Z,5587459,0.22100000,13775.63000000,sell,2022-05-14 20:35:18.985431+00:00
2022-05-14T20:35:18.941533Z,5587458,0.22100000,6547.30000000,sell,2022-05-14 20:35:18.941533+00:00
2022-05-14T20:35:16.234658Z,5587457,0.22100000,6340.93000000,sell,2022-05-14 20:35:16.234658+00:00
2022-05-14T20:35:16.085222Z,5587456,0.22100000,6354.11000000,sell,2022-05-14 20:35:16.085222+00:00
2022-05-14T20:35:15.867345Z,5587455,0.22100000,6634.77000000,sell,2022-05-14 20:35:15.867345+00:00
2022-05-14T20:35:15.760191Z,5587454,0.22100000,6522.50000000,sell,2022-05-14 20:35:15.760191+00:00
2022-05-14T20:35:15.58726Z,5587453,0.22100000,6350.63000000,sell,2022-05-14 20:35:15.587260+00:00
2022-05-14T20:35:15.481838Z,5587452,0.22100000,6167.03000000,sell,2022-05-14 20:35:15.481838+00:00
2022-05-14T20:35:15.339512Z,5587451,0.22100000,6332.57000000,sell,2022-05-14 20:35:15.339512+00:00
2022-05-14T20:34:33.564485Z,5587450,0.22100000,11090.70000000,sell,2022-05-14 20:34:33.564485+00:00
2022-05-14T20:33:21.723901Z,5587449,0.22100000,437.86000000,sell,2022-05-14 20:33:21.723901+00:00
2022-05-14T20:33:17.208298Z,5587448,0.22000000,1333.75000000,buy,2022-05-14 20:33:17.208298+00:00
2022-05-14T20:33:17.208298Z,5587447,0.22100000,18.00000000,buy,2022-05-14 20:33:17.208298+00:00
2022-05-14T20:33:17.208298Z,5587446,0.22100000,2000.00000000,buy,2022-05-14 20:33:17.208298+00:00
2022-05-14T20:33:17.208298Z,5587445,0.22100000,2109.07000000,buy,2022-05-14 20:33:17.208298+00:00
2022-05-14T20:32:41.447035Z,5587444,0.22100000,50.00000000,buy,2022-05-14 20:32:41.447035+00:00
2022-05-14T20:30:35.349217Z,5587443,0.22100000,0.93000000,buy,2022-05-14 20:30:35.349217+00:00
2022-05-14T20:30:25.785411Z,5587442,0.22200000,2465.00000000,buy,2022-05-14 20:30:25.785411+00:00
2022-05-14T20:30:24.190612Z,5587441,0.22200000,3184.38000000,sell,2022-05-14 20:30:24.190612+00:00
2022-05-14T20:30:24.190612Z,5587440,0.22200000,1024.34000000,sell,2022-05-14 20:30:24.190612+00:00
2022-05-14T20:30:24.190612Z,5587439,0.22200000,6500.00000000,sell,2022-05-14 20:30:24.190612+00:00
2022-05-14T20:30:24.190612Z,5587438,0.22200000,7406.61000000,sell,2022-05-14 20:30:24.190612+00:00
2022-05-14T20:30:24.190612Z,5587437,0.22200000,1769.00000000,sell,2022-05-14 20:30:24.190612+00:00
2022-05-14T20:30:24.190612Z,5587436,0.22200000,18.00000000,sell,2022-05-14 20:30:24.190612+00:00
2022-05-14T20:30:24.190612Z,5587435,0.22200000,8764.20000000,sell,2022-05-14 20:30:24.190612+00:00
2022-05-14T20:30:24.190612Z,5587434,0.22200000,20872.32000000,sell,2022-05-14 20:30:24.190612+00:00
2022-05-14T20:30:24.190612Z,5587433,0.22200000,18952.29000000,sell,2022-05-14 20:30:24.190612+00:00
2022-05-14T20:30:24.190612Z,5587432,0.22200000,800.00000000,sell,2022-05-14 20:30:24.190612+00:00
2022-05-14T20:30:24.190612Z,5587431,0.22200000,2160.00000000,sell,2022-05-14 20:30:24.190612+00:00
2022-05-14T20:30:24.190612Z,5587430,0.22200000,4521.57000000,sell,2022-05-14 20:30:24.190612+00:00
2022-05-14T20:30:24.190612Z,5587429,0.22200000,2360.12000000,sell,2022-05-14 20:30:24.190612+00:00
2022-05-14T20:30:24.190612Z,5587428,0.22200000,2290.64000000,sell,2022-05-14 20:30:24.190612+00:00
2022-05-14T20:30:24.190612Z,5587427,0.22200000,1099.26000000,sell,2022-05-14 20:30:24.190612+00:00
2022-05-14T20:30:24.190612Z,5587426,0.22200000,1861.99000000,sell,2022-05-14 20:30:24.190612+00:00
2022-05-14T20:30:24.190612Z,5587425,0.22200000,1351.58000000,sell,2022-05-14 20:30:24.190612+00:00
2022-05-14T20:30:24.190612Z,5587424,0.22200000,356.39000000,sell,2022-05-14 20:30:24.190612+00:00
2022-05-14T20:30:17.031914Z,5587423,0.22100000,2.60000000,sell,2022-05-14 20:30:17.031914+00:00
2022-05-14T20:28:45.765577Z,5587422,0.22000000,364.72000000,buy,2022-05-14 20:28:45.765577+00:00
2022-05-14T20:26:31.237573Z,5587421,0.22100000,216.16000000,sell,2022-05-14 20:26:31.237573+00:00
2022-05-14T20:26:05.609968Z,5587420,0.22100000,216.16000000,sell,2022-05-14 20:26:05.609968+00:00
2022-05-14T20:25:49.734119Z,5587419,0.22100000,216.16000000,sell,2022-05-14 20:25:49.734119+00:00
2022-05-14T20:24:20.542307Z,5587418,0.22100000,0.93000000,sell,2022-05-14 20:24:20.542307+00:00
2022-05-14T20:21:56.64741Z,5587417,0.22100000,3.09000000,sell,2022-05-14 20:21:56.647410+00:00
2022-05-14T20:21:27.41247Z,5587416,0.22100000,18.00000000,buy,2022-05-14 20:21:27.412470+00:00
2022-05-14T20:21:26.638441Z,5587415,0.22100000,18.00000000,sell,2022-05-14 20:21:26.638441+00:00
2022-05-14T20:21:26.638441Z,5587414,0.22100000,14.19000000,sell,2022-05-14 20:21:26.638441+00:00
2022-05-14T20:21:24.792184Z,5587413,0.22000000,2502.80000000,sell,2022-05-14 20:21:24.792184+00:00
2022-05-14T20:21:24.792184Z,5587412,0.22000000,2.10000000,sell,2022-05-14 20:21:24.792184+00:00
2022-05-14T20:21:24.792184Z,5587411,0.22000000,46.45000000,sell,2022-05-14 20:21:24.792184+00:00
2022-05-14T20:19:01.192553Z,5587410,0.21800000,205.48000000,buy,2022-05-14 20:19:01.192553+00:00
2022-05-14T20:18:31.589866Z,5587409,0.21800000,0.93000000,buy,2022-05-14 20:18:31.589866+00:00
2022-05-14T20:15:42.607081Z,5587408,0.21900000,2000.00000000,buy,2022-05-14 20:15:42.607081+00:00
2022-05-14T20:15:11.842676Z,5587407,0.21900000,2160.00000000,sell,2022-05-14 20:15:11.842676+00:00
2022-05-14T20:15:11.842676Z,5587406,0.21900000,1369.63000000,sell,2022-05-14 20:15:11.842676+00:00
2022-05-14T20:15:11.842676Z,5587405,0.21900000,1999.04000000,sell,2022-05-14 20:15:11.842676+00:00
2022-05-14T20:14:47.969655Z,5587404,0.21800000,56.32000000,buy,2022-05-14 20:14:47.969655+00:00
2022-05-14T20:14:40.30691Z,5587403,0.21900000,1259.73000000,sell,2022-05-14 20:14:40.306910+00:00
2022-05-14T20:14:40.288456Z,5587402,0.21900000,4240.27000000,sell,2022-05-14 20:14:40.288456+00:00
2022-05-14T20:14:40.288456Z,5587401,0.21900000,2160.00000000,sell,2022-05-14 20:14:40.288456+00:00
2022-05-14T20:13:50.198751Z,5587400,0.21800000,11.59000000,sell,2022-05-14 20:13:50.198751+00:00
2022-05-14T20:13:29.484554Z,5587399,0.21800000,45.64000000,sell,2022-05-14 20:13:29.484554+00:00
2022-05-14T20:13:10.446479Z,5587398,0.21900000,0.93000000,sell,2022-05-14 20:13:10.446479+00:00
2022-05-14T20:13:09.704429Z,5587397,0.21700000,40.70000000,buy,2022-05-14 20:13:09.704429+00:00
2022-05-14T20:12:17.652219Z,5587396,0.21800000,17.67000000,buy,2022-05-14 20:12:17.652219+00:00
2022-05-14T20:09:38.583451Z,5587395,0.21800000,944.40000000,sell,2022-05-14 20:09:38.583451+00:00
2022-05-14T20:09:38.583451Z,5587394,0.21800000,2296.06000000,sell,2022-05-14 20:09:38.583451+00:00
2022-05-14T20:09:38.583451Z,5587393,0.21800000,18.00000000,sell,2022-05-14 20:09:38.583451+00:00
2022-05-14T20:09:38.583451Z,5587392,0.21800000,2523.54000000,sell,2022-05-14 20:09:38.583451+00:00
2022-05-14T20:09:38.583451Z,5587391,0.21800000,2160.00000000,sell,2022-05-14 20:09:38.583451+00:00
2022-05-14T20:08:30.926159Z,5587390,0.21700000,0.93000000,buy,2022-05-14 20:08:30.926159+00:00
2022-05-14T20:07:58.370528Z,5587389,0.21700000,2000.00000000,buy,2022-05-14 20:07:58.370528+00:00
2022-05-14T20:07:58.370528Z,5587388,0.21700000,11.59000000,buy,2022-05-14 20:07:58.370528+00:00
2022-05-14T20:06:05.918219Z,5587387,0.21800000,2000.00000000,buy,2022-05-14 20:06:05.918219+00:00
2022-05-14T20:06:05.918219Z,5587386,0.21800000,0.87000000,buy,2022-05-14 20:06:05.918219+00:00
2022-05-14T20:05:52.633634Z,5587385,0.21800000,3.72000000,buy,2022-05-14 20:05:52.633634+00:00
2022-05-14T20:05:50.154724Z,5587384,0.21900000,4.57000000,sell,2022-05-14 20:05:50.154724+00:00
2022-05-14T20:05:40.422958Z,5587383,0.21900000,5.03000000,sell,2022-05-14 20:05:40.422958+00:00
2022-05-14T20:05:38.431697Z,5587382,0.21800000,4.78000000,sell,2022-05-14 20:05:38.431697+00:00
2022-05-14T20:05:25.40818Z,5587381,0.21700000,300.00000000,buy,2022-05-14 20:05:25.408180+00:00
2022-05-14T20:04:27.628225Z,5587380,0.21600000,0.93000000,buy,2022-05-14 20:04:27.628225+00:00
2022-05-14T20:02:17.515248Z,5587379,0.21700000,1866.08000000,sell,2022-05-14 20:02:17.515248+00:00
2022-05-14T20:02:17.515248Z,5587378,0.21700000,1411.97000000,sell,2022-05-14 20:02:17.515248+00:00
2022-05-14T20:02:17.515248Z,5587377,0.21700000,2333.91000000,sell,2022-05-14 20:02:17.515248+00:00
2022-05-14T20:01:21.514751Z,5587376,0.21700000,45.24000000,sell,2022-05-14 20:01:21.514751+00:00
2022-05-14T20:00:36.886976Z,5587375,0.21600000,2000.00000000,buy,2022-05-14 20:00:36.886976+00:00
2022-05-14T20:00:28.668314Z,5587374,0.21700000,45.21000000,sell,2022-05-14 20:00:28.668314+00:00
2022-05-14T20:00:22.217549Z,5587373,0.21600000,0.93000000,buy,2022-05-14 20:00:22.217549+00:00
2022-05-14T20:00:14.853898Z,5587372,0.21600000,295.71000000,sell,2022-05-14 20:00:14.853898+00:00
2022-05-14T20:00:14.78761Z,5587371,0.21600000,1700.01000000,sell,2022-05-14 20:00:14.787610+00:00
2022-05-14T20:00:14.765172Z,5587370,0.21600000,6343.56000000,sell,2022-05-14 20:00:14.765172+00:00
2022-05-14T20:00:14.758695Z,5587369,0.21600000,1810.66000000,sell,2022-05-14 20:00:14.758695+00:00
2022-05-14T20:00:14.742328Z,5587368,0.21600000,600.00000000,buy,2022-05-14 20:00:14.742328+00:00
2022-05-14T20:00:14.742328Z,5587367,0.21600000,1927.52000000,buy,2022-05-14 20:00:14.742328+00:00
2022-05-14T20:00:14.742328Z,5587366,0.21600000,2323.10000000,buy,2022-05-14 20:00:14.742328+00:00
2022-05-14T20:00:14.742328Z,5587365,0.21600000,2533.47000000,buy,2022-05-14 20:00:14.742328+00:00
2022-05-14T20:00:14.742328Z,5587364,0.21600000,20872.32000000,buy,2022-05-14 20:00:14.742328+00:00
2022-05-14T20:00:14.742328Z,5587363,0.21600000,8764.20000000,buy,2022-05-14 20:00:14.742328+00:00
2022-05-14T20:00:14.742328Z,5587362,0.21600000,1470.43000000,buy,2022-05-14 20:00:14.742328+00:00
2022-05-14T20:00:14.742328Z,5587361,0.21600000,2000.00000000,buy,2022-05-14 20:00:14.742328+00:00
2022-05-14T20:00:14.742328Z,5587360,0.21600000,2049.23000000,buy,2022-05-14 20:00:14.742328+00:00
2022-05-14T19:58:48.169186Z,5587359,0.21600000,70.77000000,buy,2022-05-14 19:58:48.169186+00:00
2022-05-14T19:58:35.188401Z,5587358,0.21600000,40.00000000,buy,2022-05-14 19:58:35.188401+00:00
2022-05-14T19:55:55.7799Z,5587357,0.21800000,0.93000000,sell,2022-05-14 19:55:55.779900+00:00
2022-05-14T19:55:17.885577Z,5587356,0.21700000,462.96000000,buy,2022-05-14 19:55:17.885577+00:00
2022-05-14T19:52:32.140908Z,5587355,0.21500000,2274.19000000,buy,2022-05-14 19:52:32.140908+00:00
2022-05-14T19:52:32.140908Z,5587354,0.21500000,2141.72000000,buy,2022-05-14 19:52:32.140908+00:00
2022-05-14T19:52:17.115835Z,5587353,0.21500000,18.28000000,buy,2022-05-14 19:52:17.115835+00:00
2022-05-14T19:51:57.030099Z,5587352,0.21700000,0.93000000,sell,2022-05-14 19:51:57.030099+00:00
2022-05-14T19:47:31.80498Z,5587351,0.21600000,41.51000000,sell,2022-05-14 19:47:31.804980+00:00
2022-05-14T19:46:55.714864Z,5587350,0.21500000,0.93000000,buy,2022-05-14 19:46:55.714864+00:00
2022-05-14T19:43:55.814489Z,5587349,0.21500000,1713.10000000,buy,2022-05-14 19:43:55.814489+00:00
2022-05-14T19:43:55.814489Z,5587348,0.21500000,2475.60000000,buy,2022-05-14 19:43:55.814489+00:00
2022-05-14T19:43:55.814489Z,5587347,0.21500000,2160.00000000,buy,2022-05-14 19:43:55.814489+00:00
2022-05-14T19:43:55.814489Z,5587346,0.21500000,1364.30000000,buy,2022-05-14 19:43:55.814489+00:00
2022-05-14T19:43:55.814489Z,5587345,0.21600000,2000.00000000,buy,2022-05-14 19:43:55.814489+00:00
2022-05-14T19:42:52.703698Z,5587344,0.21500000,0.93000000,buy,2022-05-14 19:42:52.703698+00:00
2022-05-14T19:42:39.548946Z,5587343,0.21500000,9.74000000,buy,2022-05-14 19:42:39.548946+00:00
2022-05-14T19:42:30.962966Z,5587342,0.21500000,77.88000000,buy,2022-05-14 19:42:30.962966+00:00
2022-05-14T19:38:49.246807Z,5587341,0.21500000,0.93000000,buy,2022-05-14 19:38:49.246807+00:00
2022-05-14T19:38:02.230639Z,5587340,0.21600000,2000.00000000,buy,2022-05-14 19:38:02.230639+00:00
2022-05-14T19:35:34.593767Z,5587339,0.21600000,43.94000000,buy,2022-05-14 19:35:34.593767+00:00
2022-05-14T19:34:20.658383Z,5587338,0.21600000,0.93000000,buy,2022-05-14 19:34:20.658383+00:00
2022-05-14T19:34:01.106474Z,5587337,0.21700000,2159.99000000,buy,2022-05-14 19:34:01.106474+00:00
2022-05-14T19:33:38.605981Z,5587336,0.21700000,2.61000000,buy,2022-05-14 19:33:38.605981+00:00
2022-05-14T19:31:51.549834Z,5587335,0.21600000,6.73000000,buy,2022-05-14 19:31:51.549834+00:00
2022-05-14T19:29:52.828569Z,5587334,0.21600000,87.66000000,buy,2022-05-14 19:29:52.828569+00:00
2022-05-14T19:29:52.828569Z,5587333,0.21600000,6.64000000,buy,2022-05-14 19:29:52.828569+00:00
2022-05-14T19:29:52.828569Z,5587332,0.21600000,6.70000000,buy,2022-05-14 19:29:52.828569+00:00
2022-05-14T19:29:51.566196Z,5587331,0.21600000,1.38000000,buy,2022-05-14 19:29:51.566196+00:00
2022-05-14T19:28:29.48785Z,5587330,0.21800000,0.93000000,sell,2022-05-14 19:28:29.487850+00:00
2022-05-14T19:27:59.139642Z,5587329,0.21600000,0.93000000,buy,2022-05-14 19:27:59.139642+00:00
2022-05-14T19:27:57.462957Z,5587328,0.21800000,84.88000000,sell,2022-05-14 19:27:57.462957+00:00
2022-05-14T19:27:56.295282Z,5587327,0.21700000,457.97000000,sell,2022-05-14 19:27:56.295282+00:00
2022-05-14T19:27:56.295282Z,5587326,0.21700000,2160.00000000,sell,2022-05-14 19:27:56.295282+00:00
2022-05-14T19:27:16.304661Z,5587325,0.21700000,4.61000000,sell,2022-05-14 19:27:16.304661+00:00
2022-05-14T19:26:02.92669Z,5587324,0.21700000,1.18000000,buy,2022-05-14 19:26:02.926690+00:00
2022-05-14T19:25:30.099065Z,5587323,0.21800000,260.21000000,sell,2022-05-14 19:25:30.099065+00:00
2022-05-14T19:21:41.013228Z,5587322,0.21800000,0.93000000,sell,2022-05-14 19:21:41.013228+00:00
2022-05-14T19:20:18.410913Z,5587321,0.21800000,600.00000000,sell,2022-05-14 19:20:18.410913+00:00
2022-05-14T19:20:12.118547Z,5587320,0.21700000,1.19000000,buy,2022-05-14 19:20:12.118547+00:00
2022-05-14T19:20:11.817855Z,5587319,0.21700000,12.50000000,buy,2022-05-14 19:20:11.817855+00:00
2022-05-14T19:19:22.500104Z,5587318,0.21600000,37.44000000,buy,2022-05-14 19:19:22.500104+00:00
2022-05-14T19:18:34.22091Z,5587317,0.21700000,5.79000000,buy,2022-05-14 19:18:34.220910+00:00
2022-05-14T19:18:27.861985Z,5587316,0.21700000,2003.60000000,buy,2022-05-14 19:18:27.861985+00:00
2022-05-14T19:17:45.812427Z,5587315,0.21700000,1996.99000000,buy,2022-05-14 19:17:45.812427+00:00
2022-05-14T19:17:25.788021Z,5587314,0.21700000,3.01000000,buy,2022-05-14 19:17:25.788021+00:00
2022-05-14T19:17:01.668357Z,5587313,0.21700000,2000.00000000,buy,2022-05-14 19:17:01.668357+00:00
2022-05-14T19:16:31.029835Z,5587312,0.21700000,0.93000000,buy,2022-05-14 19:16:31.029835+00:00
2022-05-14T19:14:35.784283Z,5587311,0.21800000,311.00000000,buy,2022-05-14 19:14:35.784283+00:00
2022-05-14T19:13:09.684516Z,5587310,0.21800000,2.40000000,buy,2022-05-14 19:13:09.684516+00:00
2022-05-14T19:12:31.013272Z,5587309,0.21800000,8.01000000,buy,2022-05-14 19:12:31.013272+00:00
2022-05-14T19:10:35.574393Z,5587308,0.21900000,0.93000000,sell,2022-05-14 19:10:35.574393+00:00
2022-05-14T19:07:05.129792Z,5587307,0.21900000,8.75000000,sell,2022-05-14 19:07:05.129792+00:00
2022-05-14T19:06:58.75123Z,5587306,0.21800000,2407.16000000,sell,2022-05-14 19:06:58.751230+00:00
2022-05-14T19:06:58.75123Z,5587305,0.21800000,2000.00000000,sell,2022-05-14 19:06:58.751230+00:00
2022-05-14T19:06:20.13932Z,5587304,0.21800000,1.22000000,sell,2022-05-14 19:06:20.139320+00:00
2022-05-14T19:06:06.591445Z,5587303,0.21800000,0.93000000,sell,2022-05-14 19:06:06.591445+00:00
2022-05-14T19:04:13.467381Z,5587302,0.21700000,109.33000000,buy,2022-05-14 19:04:13.467381+00:00
2022-05-14T19:03:07.008702Z,5587301,0.21700000,69.64000000,buy,2022-05-14 19:03:07.008702+00:00
2022-05-14T19:01:42.024531Z,5587300,0.21700000,0.93000000,buy,2022-05-14 19:01:42.024531+00:00
2022-05-14T19:00:25.992572Z,5587299,0.21900000,1.94000000,sell,2022-05-14 19:00:25.992572+00:00
2022-05-14T19:00:25.992572Z,5587298,0.21900000,1473.52000000,sell,2022-05-14 19:00:25.992572+00:00
2022-05-14T18:59:43.500148Z,5587297,0.21800000,604.95000000,buy,2022-05-14 18:59:43.500148+00:00
2022-05-14T18:59:43.500148Z,5587296,0.21800000,2160.00000000,buy,2022-05-14 18:59:43.500148+00:00
2022-05-14T18:59:33.804488Z,5587295,0.21900000,44.74000000,sell,2022-05-14 18:59:33.804488+00:00
2022-05-14T18:57:45.334823Z,5587294,0.21900000,46.56000000,sell,2022-05-14 18:57:45.334823+00:00
2022-05-14T18:57:31.688818Z,5587293,0.21900000,0.93000000,sell,2022-05-14 18:57:31.688818+00:00
2022-05-14T18:56:34.561073Z,5587292,0.21800000,12.74000000,sell,2022-05-14 18:56:34.561073+00:00
2022-05-14T18:56:34.536926Z,5587291,0.21800000,2000.00000000,buy,2022-05-14 18:56:34.536926+00:00
2022-05-14T18:56:34.536926Z,5587290,0.21800000,2510.23000000,buy,2022-05-14 18:56:34.536926+00:00
2022-05-14T18:56:34.536926Z,5587289,0.21800000,2160.00000000,buy,2022-05-14 18:56:34.536926+00:00
2022-05-14T18:54:09.587409Z,5587288,0.21900000,10.65000000,sell,2022-05-14 18:54:09.587409+00:00
2022-05-14T18:53:47.679327Z,5587287,0.21800000,8.20000000,buy,2022-05-14 18:53:47.679327+00:00
2022-05-14T18:53:08.047598Z,5587286,0.21900000,12.80000000,sell,2022-05-14 18:53:08.047598+00:00
2022-05-14T18:53:05.951555Z,5587285,0.21800000,0.93000000,buy,2022-05-14 18:53:05.951555+00:00
2022-05-14T18:52:50.071204Z,5587284,0.21900000,3300.82000000,sell,2022-05-14 18:52:50.071204+00:00
2022-05-14T18:52:50.071204Z,5587283,0.21900000,2160.00000000,sell,2022-05-14 18:52:50.071204+00:00
2022-05-14T18:50:35.101922Z,5587282,0.21800000,17.88000000,buy,2022-05-14 18:50:35.101922+00:00
2022-05-14T18:49:20.636396Z,5587281,0.21800000,2.80000000,buy,2022-05-14 18:49:20.636396+00:00
2022-05-14T18:48:23.819743Z,5587280,0.21800000,0.93000000,buy,2022-05-14 18:48:23.819743+00:00
2022-05-14T18:47:51.175521Z,5587279,0.21900000,3.10000000,buy,2022-05-14 18:47:51.175521+00:00
2022-05-14T18:47:51.175521Z,5587278,0.21900000,5.58000000,buy,2022-05-14 18:47:51.175521+00:00
2022-05-14T18:47:25.297172Z,5587277,0.22000000,2067.17000000,sell,2022-05-14 18:47:25.297172+00:00
2022-05-14T18:47:25.297172Z,5587276,0.22000000,2469.22000000,sell,2022-05-14 18:47:25.297172+00:00
2022-05-14T18:47:02.735484Z,5587275,0.22000000,2.73000000,sell,2022-05-14 18:47:02.735484+00:00
2022-05-14T18:45:43.529774Z,5587274,0.22000000,122.20000000,buy,2022-05-14 18:45:43.529774+00:00
2022-05-14T18:45:10.064455Z,5587273,0.22000000,2762.22000000,buy,2022-05-14 18:45:10.064455+00:00
2022-05-14T18:44:17.749439Z,5587272,0.22100000,2.95000000,sell,2022-05-14 18:44:17.749439+00:00
2022-05-14T18:44:17.749439Z,5587271,0.22100000,3.18000000,sell,2022-05-14 18:44:17.749439+00:00
2022-05-14T18:44:17.749439Z,5587270,0.22100000,1.39000000,sell,2022-05-14 18:44:17.749439+00:00
2022-05-14T18:44:00.480101Z,5587269,0.22100000,1996.28000000,sell,2022-05-14 18:44:00.480101+00:00
2022-05-14T18:43:31.638133Z,5587268,0.22000000,909.79000000,buy,2022-05-14 18:43:31.638133+00:00
2022-05-14T18:43:29.315103Z,5587267,0.22100000,0.93000000,sell,2022-05-14 18:43:29.315103+00:00
2022-05-14T18:41:04.910303Z,5587266,0.22100000,3.30000000,sell,2022-05-14 18:41:04.910303+00:00
2022-05-14T18:41:02.991321Z,5587265,0.22100000,171.35000000,sell,2022-05-14 18:41:02.991321+00:00
2022-05-14T18:41:02.991321Z,5587264,0.22100000,6.72000000,sell,2022-05-14 18:41:02.991321+00:00
2022-05-14T18:40:25.829536Z,5587263,0.22000000,3.00000000,sell,2022-05-14 18:40:25.829536+00:00
2022-05-14T18:40:25.829536Z,5587262,0.22000000,2160.00000000,sell,2022-05-14 18:40:25.829536+00:00
2022-05-14T18:39:02.717784Z,5587261,0.21800000,0.93000000,buy,2022-05-14 18:39:02.717784+00:00
2022-05-14T18:38:44.424807Z,5587260,0.22000000,2.40000000,sell,2022-05-14 18:38:44.424807+00:00
2022-05-14T18:38:44.424807Z,5587259,0.22000000,1.13000000,sell,2022-05-14 18:38:44.424807+00:00
2022-05-14T18:38:17.624535Z,5587258,0.22000000,106.33000000,sell,2022-05-14 18:38:17.624535+00:00
2022-05-14T18:37:27.196975Z,5587257,0.21900000,2.62000000,buy,2022-05-14 18:37:27.196975+00:00
2022-05-14T18:37:19.35215Z,5587256,0.22000000,130.40000000,sell,2022-05-14 18:37:19.352150+00:00
2022-05-14T18:34:17.545909Z,5587255,0.22000000,0.93000000,sell,2022-05-14 18:34:17.545909+00:00
2022-05-14T18:33:16.636218Z,5587254,0.21900000,2000.00000000,buy,2022-05-14 18:33:16.636218+00:00
2022-05-14T18:31:51.690767Z,5587253,0.21900000,1280.11000000,buy,2022-05-14 18:31:51.690767+00:00
2022-05-14T18:31:51.690767Z,5587252,0.21900000,2000.00000000,buy,2022-05-14 18:31:51.690767+00:00
2022-05-14T18:30:14.211065Z,5587251,0.22000000,0.93000000,sell,2022-05-14 18:30:14.211065+00:00
2022-05-14T18:28:55.650655Z,5587250,0.21900000,18.00000000,buy,2022-05-14 18:28:55.650655+00:00
2022-05-14T18:28:55.230066Z,5587249,0.21900000,8.46000000,buy,2022-05-14 18:28:55.230066+00:00
2022-05-14T18:28:42.487291Z,5587248,0.22000000,2210.16000000,sell,2022-05-14 18:28:42.487291+00:00
2022-05-14T18:28:42.487291Z,5587247,0.22000000,18.00000000,sell,2022-05-14 18:28:42.487291+00:00
2022-05-14T18:27:28.628413Z,5587246,0.22000000,2000.00000000,buy,2022-05-14 18:27:28.628413+00:00
2022-05-14T18:27:23.689225Z,5587245,0.22000000,2773.29000000,sell,2022-05-14 18:27:23.689225+00:00
2022-05-14T18:27:23.582484Z,5587244,0.22000000,2160.00000000,sell,2022-05-14 18:27:23.582484+00:00
2022-05-14T18:27:23.582484Z,5587243,0.22000000,240.00000000,sell,2022-05-14 18:27:23.582484+00:00
2022-05-14T18:27:23.582484Z,5587242,0.22000000,45.52000000,sell,2022-05-14 18:27:23.582484+00:00
2022-05-14T18:27:02.392767Z,5587241,0.21800000,1.96000000,buy,2022-05-14 18:27:02.392767+00:00
2022-05-14T18:26:58.963514Z,5587240,0.21900000,6.98000000,sell,2022-05-14 18:26:58.963514+00:00
2022-05-14T18:25:56.191183Z,5587239,0.21800000,0.93000000,buy,2022-05-14 18:25:56.191183+00:00
2022-05-14T18:25:34.464888Z,5587238,0.21800000,4.00000000,buy,2022-05-14 18:25:34.464888+00:00
2022-05-14T18:24:41.079695Z,5587237,0.21800000,4.98000000,buy,2022-05-14 18:24:41.079695+00:00
2022-05-14T18:24:05.652626Z,5587236,0.21900000,7.50000000,sell,2022-05-14 18:24:05.652626+00:00
2022-05-14T18:21:01.477696Z,5587235,0.22000000,0.93000000,sell,2022-05-14 18:21:01.477696+00:00
2022-05-14T18:20:54.215274Z,5587234,0.21900000,6500.00000000,buy,2022-05-14 18:20:54.215274+00:00
2022-05-14T18:20:43.88398Z,5587233,0.21900000,2160.00000000,sell,2022-05-14 18:20:43.883980+00:00
2022-05-14T18:20:43.88398Z,5587232,0.21900000,631.19000000,sell,2022-05-14 18:20:43.883980+00:00
2022-05-14T18:20:07.036597Z,5587231,0.21800000,2000.00000000,buy,2022-05-14 18:20:07.036597+00:00
2022-05-14T18:20:01.726862Z,5587230,0.21800000,2516.37000000,sell,2022-05-14 18:20:01.726862+00:00
2022-05-14T18:18:59.772724Z,5587229,0.21800000,2000.00000000,buy,2022-05-14 18:18:59.772724+00:00
2022-05-14T18:18:49.735011Z,5587228,0.21800000,613.29000000,sell,2022-05-14 18:18:49.735011+00:00
2022-05-14T18:18:49.735011Z,5587227,0.21800000,2160.00000000,sell,2022-05-14 18:18:49.735011+00:00
2022-05-14T18:18:24.597515Z,5587226,0.21700000,61.25000000,buy,2022-05-14 18:18:24.597515+00:00
2022-05-14T18:17:54.002182Z,5587225,0.21600000,1.17000000,buy,2022-05-14 18:17:54.002182+00:00
2022-05-14T18:17:19.503398Z,5587224,0.21600000,3000.36000000,buy,2022-05-14 18:17:19.503398+00:00
2022-05-14T18:17:19.503398Z,5587223,0.21600000,1999.64000000,buy,2022-05-14 18:17:19.503398+00:00
2022-05-14T18:17:18.762931Z,5587222,0.21800000,0.93000000,sell,2022-05-14 18:17:18.762931+00:00
2022-05-14T18:16:52.912101Z,5587221,0.21700000,2.90000000,buy,2022-05-14 18:16:52.912101+00:00
2022-05-14T18:15:54.416802Z,5587220,0.21800000,2467.48000000,sell,2022-05-14 18:15:54.416802+00:00
2022-05-14T18:15:03.974512Z,5587219,0.21600000,139.55000000,buy,2022-05-14 18:15:03.974512+00:00
2022-05-14T18:15:03.741343Z,5587218,0.21700000,2000.00000000,buy,2022-05-14 18:15:03.741343+00:00
2022-05-14T18:14:39.719185Z,5587217,0.21800000,107.31000000,sell,2022-05-14 18:14:39.719185+00:00
2022-05-14T18:13:27.180959Z,5587216,0.21600000,0.93000000,buy,2022-05-14 18:13:27.180959+00:00
2022-05-14T18:13:26.650326Z,5587215,0.21700000,41.12000000,sell,2022-05-14 18:13:26.650326+00:00
2022-05-14T18:13:05.523198Z,5587214,0.21700000,909.79000000,sell,2022-05-14 18:13:05.523198+00:00
2022-05-14T18:12:21.335518Z,5587213,0.21800000,456.43000000,sell,2022-05-14 18:12:21.335518+00:00
2022-05-14T18:10:28.280376Z,5587212,0.21700000,2160.00000000,sell,2022-05-14 18:10:28.280376+00:00
2022-05-14T18:10:28.280376Z,5587211,0.21700000,1450.79000000,sell,2022-05-14 18:10:28.280376+00:00
2022-05-14T18:10:28.280376Z,5587210,0.21700000,2413.85000000,sell,2022-05-14 18:10:28.280376+00:00
2022-05-14T18:09:59.985162Z,5587209,0.21600000,18.95000000,buy,2022-05-14 18:09:59.985162+00:00
2022-05-14T18:09:58.440837Z,5587208,0.21600000,0.93000000,buy,2022-05-14 18:09:58.440837+00:00
2022-05-14T18:09:44.079441Z,5587207,0.21700000,2794.45000000,sell,2022-05-14 18:09:44.079441+00:00
2022-05-14T18:08:45.625475Z,5587206,0.21500000,15575.79000000,buy,2022-05-14 18:08:45.625475+00:00
2022-05-14T18:08:45.625475Z,5587205,0.21500000,900.00000000,buy,2022-05-14 18:08:45.625475+00:00
2022-05-14T18:08:45.625475Z,5587204,0.21500000,8764.20000000,buy,2022-05-14 18:08:45.625475+00:00
2022-05-14T18:08:45.625475Z,5587203,0.21500000,2330.17000000,buy,2022-05-14 18:08:45.625475+00:00
2022-05-14T18:08:45.625475Z,5587202,0.21500000,2424.28000000,buy,2022-05-14 18:08:45.625475+00:00
2022-05-14T18:08:45.625475Z,5587201,0.21500000,1946.99000000,buy,2022-05-14 18:08:45.625475+00:00
2022-05-14T18:08:45.625475Z,5587200,0.21500000,4639.76000000,buy,2022-05-14 18:08:45.625475+00:00
2022-05-14T18:08:45.625475Z,5587199,0.21500000,1424.30000000,buy,2022-05-14 18:08:45.625475+00:00
2022-05-14T18:08:45.625475Z,5587198,0.21500000,2545.26000000,buy,2022-05-14 18:08:45.625475+00:00
2022-05-14T18:08:45.625475Z,5587197,0.21500000,1172.96000000,buy,2022-05-14 18:08:45.625475+00:00
2022-05-14T18:07:05.449657Z,5587196,0.21500000,486.11000000,buy,2022-05-14 18:07:05.449657+00:00
2022-05-14T18:06:59.807177Z,5587195,0.21500000,500.00000000,buy,2022-05-14 18:06:59.807177+00:00
2022-05-14T18:06:12.125189Z,5587194,0.21500000,0.93000000,buy,2022-05-14 18:06:12.125189+00:00
2022-05-14T18:05:33.418569Z,5587193,0.21600000,0.44000000,buy,2022-05-14 18:05:33.418569+00:00
2022-05-14T18:04:58.774283Z,5587192,0.21600000,1.86000000,buy,2022-05-14 18:04:58.774283+00:00
2022-05-14T18:04:05.407613Z,5587191,0.21700000,6767.88000000,sell,2022-05-14 18:04:05.407613+00:00
2022-05-14T18:04:05.313335Z,5587190,0.21700000,6733.96000000,sell,2022-05-14 18:04:05.313335+00:00
2022-05-14T18:04:05.305059Z,5587189,0.21700000,535.46000000,sell,2022-05-14 18:04:05.305059+00:00
2022-05-14T18:03:41.169426Z,5587188,0.21600000,48.17000000,buy,2022-05-14 18:03:41.169426+00:00
2022-05-14T18:03:23.712384Z,5587187,0.21600000,18.00000000,buy,2022-05-14 18:03:23.712384+00:00
2022-05-14T18:03:23.712384Z,5587186,0.21600000,2533.47000000,buy,2022-05-14 18:03:23.712384+00:00
2022-05-14T18:03:19.513111Z,5587185,0.21600000,18.00000000,sell,2022-05-14 18:03:19.513111+00:00
2022-05-14T18:03:19.513111Z,5587184,0.21600000,2532.30000000,sell,2022-05-14 18:03:19.513111+00:00
2022-05-14T18:03:19.513111Z,5587183,0.21600000,1406.36000000,sell,2022-05-14 18:03:19.513111+00:00
2022-05-14T18:03:19.513111Z,5587182,0.21600000,1884.00000000,sell,2022-05-14 18:03:19.513111+00:00
2022-05-14T18:03:19.513111Z,5587181,0.21600000,2325.00000000,sell,2022-05-14 18:03:19.513111+00:00
2022-05-14T18:03:19.513111Z,5587180,0.21600000,4646.40000000,sell,2022-05-14 18:03:19.513111+00:00
2022-05-14T18:03:19.513111Z,5587179,0.21600000,2318.71000000,sell,2022-05-14 18:03:19.513111+00:00
2022-05-14T18:03:00.554572Z,5587178,0.21500000,2000.00000000,buy,2022-05-14 18:03:00.554572+00:00
2022-05-14T18:03:00.554572Z,5587177,0.21500000,1660.98000000,buy,2022-05-14 18:03:00.554572+00:00
2022-05-14T18:01:24.784494Z,5587176,0.21600000,200.00000000,sell,2022-05-14 18:01:24.784494+00:00
2022-05-14T17:59:45.97225Z,5587175,0.21600000,2160.00000000,sell,2022-05-14 17:59:45.972250+00:00
2022-05-14T17:59:41.108658Z,5587174,0.21600000,239.16000000,sell,2022-05-14 17:59:41.108658+00:00
2022-05-14T17:59:03.918374Z,5587173,0.21600000,2000.00000000,buy,2022-05-14 17:59:03.918374+00:00
2022-05-14T17:58:32.776346Z,5587172,0.21600000,2160.00000000,sell,2022-05-14 17:58:32.776346+00:00
2022-05-14T17:57:37.46221Z,5587171,0.21600000,0.93000000,sell,2022-05-14 17:57:37.462210+00:00
2022-05-14T17:57:02.569562Z,5587170,0.21600000,9.26000000,sell,2022-05-14 17:57:02.569562+00:00
2022-05-14T17:55:19.401426Z,5587169,0.21600000,2160.00000000,sell,2022-05-14 17:55:19.401426+00:00
2022-05-14T17:55:08.071811Z,5587168,0.21500000,534.88000000,buy,2022-05-14 17:55:08.071811+00:00
2022-05-14T17:53:56.567997Z,5587167,0.21500000,2160.00000000,buy,2022-05-14 17:53:56.567997+00:00
2022-05-14T17:53:30.717375Z,5587166,0.21600000,40.57000000,sell,2022-05-14 17:53:30.717375+00:00
2022-05-14T17:53:25.46536Z,5587165,0.21600000,0.93000000,sell,2022-05-14 17:53:25.465360+00:00
2022-05-14T17:52:27.660962Z,5587164,0.21500000,4.20000000,buy,2022-05-14 17:52:27.660962+00:00
2022-05-14T17:52:27.660962Z,5587163,0.21500000,2794.45000000,buy,2022-05-14 17:52:27.660962+00:00
2022-05-14T17:51:27.151429Z,5587162,0.21600000,88.79000000,sell,2022-05-14 17:51:27.151429+00:00
2022-05-14T17:50:34.853021Z,5587161,0.21600000,34.20000000,sell,2022-05-14 17:50:34.853021+00:00
2022-05-14T17:50:02.195613Z,5587160,0.21600000,1.20000000,sell,2022-05-14 17:50:02.195613+00:00
2022-05-14T17:48:22.972303Z,5587159,0.21600000,0.93000000,sell,2022-05-14 17:48:22.972303+00:00
2022-05-14T17:47:35.741702Z,5587158,0.21600000,500.00000000,buy,2022-05-14 17:47:35.741702+00:00
2022-05-14T17:47:18.549462Z,5587157,0.21600000,1.86000000,sell,2022-05-14 17:47:18.549462+00:00
2022-05-14T17:47:18.549462Z,5587156,0.21600000,3.18000000,sell,2022-05-14 17:47:18.549462+00:00
2022-05-14T17:45:41.283297Z,5587155,0.21600000,41.34000000,sell,2022-05-14 17:45:41.283297+00:00
2022-05-14T17:45:30.725863Z,5587154,0.21600000,1597.65000000,buy,2022-05-14 17:45:30.725863+00:00
2022-05-14T17:45:30.725863Z,5587153,0.21600000,6500.00000000,buy,2022-05-14 17:45:30.725863+00:00
2022-05-14T17:45:30.725863Z,5587152,0.21600000,2304.52000000,buy,2022-05-14 17:45:30.725863+00:00
2022-05-14T17:45:30.725863Z,5587151,0.21600000,2443.05000000,buy,2022-05-14 17:45:30.725863+00:00
2022-05-14T17:45:30.725863Z,5587150,0.21600000,4618.43000000,buy,2022-05-14 17:45:30.725863+00:00
2022-05-14T17:45:30.725863Z,5587149,0.21600000,800.00000000,buy,2022-05-14 17:45:30.725863+00:00
2022-05-14T17:45:30.725863Z,5587148,0.21600000,1861.20000000,buy,2022-05-14 17:45:30.725863+00:00
2022-05-14T17:45:30.725863Z,5587147,0.21600000,1481.68000000,buy,2022-05-14 17:45:30.725863+00:00
2022-05-14T17:45:30.725863Z,5587146,0.21600000,2533.47000000,buy,2022-05-14 17:45:30.725863+00:00
2022-05-14T17:45:30.725863Z,5587145,0.21600000,2160.00000000,buy,2022-05-14 17:45:30.725863+00:00
2022-05-14T17:45:30.725863Z,5587144,0.21600000,2000.00000000,buy,2022-05-14 17:45:30.725863+00:00
2022-05-14T17:45:10.436591Z,5587143,0.21600000,3.90000000,sell,2022-05-14 17:45:10.436591+00:00
2022-05-14T17:44:37.573878Z,5587142,0.21500000,0.93000000,buy,2022-05-14 17:44:37.573878+00:00
2022-05-14T17:43:32.899337Z,5587141,0.21600000,72.23000000,buy,2022-05-14 17:43:32.899337+00:00
2022-05-14T17:43:01.066096Z,5587140,0.21500000,9.16000000,buy,2022-05-14 17:43:01.066096+00:00
2022-05-14T17:41:40.732837Z,5587139,0.21500000,41.72000000,sell,2022-05-14 17:41:40.732837+00:00
2022-05-14T17:41:26.217821Z,5587138,0.21600000,921.32000000,sell,2022-05-14 17:41:26.217821+00:00
2022-05-14T17:40:51.307297Z,5587137,0.21500000,7.10000000,sell,2022-05-14 17:40:51.307297+00:00
2022-05-14T17:40:03.814407Z,5587136,0.21500000,0.93000000,sell,2022-05-14 17:40:03.814407+00:00
2022-05-14T17:37:10.413798Z,5587135,0.21400000,500.00000000,buy,2022-05-14 17:37:10.413798+00:00
2022-05-14T17:37:01.621992Z,5587134,0.21400000,104.62000000,buy,2022-05-14 17:37:01.621992+00:00
2022-05-14T17:36:53.319737Z,5587133,0.21500000,2.70000000,sell,2022-05-14 17:36:53.319737+00:00
2022-05-14T17:36:53.319737Z,5587132,0.21500000,1477.41000000,sell,2022-05-14 17:36:53.319737+00:00
2022-05-14T17:36:39.88189Z,5587131,0.21500000,578.50000000,sell,2022-05-14 17:36:39.881890+00:00
2022-05-14T17:36:28.765914Z,5587130,0.21500000,104.09000000,sell,2022-05-14 17:36:28.765914+00:00
2022-05-14T17:36:03.170404Z,5587129,0.21400000,588.68000000,buy,2022-05-14 17:36:03.170404+00:00
2022-05-14T17:35:45.716047Z,5587128,0.21400000,90.09000000,buy,2022-05-14 17:35:45.716047+00:00
2022-05-14T17:35:18.621584Z,5587127,0.21600000,0.93000000,sell,2022-05-14 17:35:18.621584+00:00
2022-05-14T17:32:44.82674Z,5587126,0.21600000,370.37000000,sell,2022-05-14 17:32:44.826740+00:00
2022-05-14T17:32:21.940024Z,5587125,0.21500000,600.00000000,sell,2022-05-14 17:32:21.940024+00:00
2022-05-14T17:32:21.903143Z,5587124,0.21500000,1683.30000000,sell,2022-05-14 17:32:21.903143+00:00
2022-05-14T17:31:43.760042Z,5587123,0.21500000,8000.00000000,buy,2022-05-14 17:31:43.760042+00:00
2022-05-14T17:31:13.80934Z,5587122,0.21600000,0.93000000,sell,2022-05-14 17:31:13.809340+00:00
2022-05-14T17:31:03.239587Z,5587121,0.21500000,1.21000000,buy,2022-05-14 17:31:03.239587+00:00
2022-05-14T17:28:35.878438Z,5587120,0.21600000,119.00000000,sell,2022-05-14 17:28:35.878438+00:00
2022-05-14T17:28:09.204314Z,5587119,0.21400000,285.23000000,buy,2022-05-14 17:28:09.204314+00:00
2022-05-14T17:26:43.976077Z,5587118,0.21400000,0.93000000,buy,2022-05-14 17:26:43.976077+00:00
2022-05-14T17:24:04.31055Z,5587117,0.21400000,1.68000000,buy,2022-05-14 17:24:04.310550+00:00
2022-05-14T17:23:29.773836Z,5587116,0.21400000,2.80000000,buy,2022-05-14 17:23:29.773836+00:00
2022-05-14T17:23:01.643478Z,5587115,0.21400000,9.17000000,buy,2022-05-14 17:23:01.643478+00:00
2022-05-14T17:22:39.462956Z,5587114,0.21400000,52.23000000,buy,2022-05-14 17:22:39.462956+00:00
2022-05-14T17:22:33.254884Z,5587113,0.21400000,238.05000000,buy,2022-05-14 17:22:33.254884+00:00
2022-05-14T17:22:33.254884Z,5587112,0.21400000,2279.02000000,buy,2022-05-14 17:22:33.254884+00:00
2022-05-14T17:22:33.254884Z,5587111,0.21400000,2146.17000000,buy,2022-05-14 17:22:33.254884+00:00
2022-05-14T17:22:25.052017Z,5587110,0.21400000,4.63000000,buy,2022-05-14 17:22:25.052017+00:00
2022-05-14T17:22:00.171858Z,5587109,0.21400000,0.93000000,buy,2022-05-14 17:22:00.171858+00:00
2022-05-14T17:20:50.456586Z,5587108,0.21600000,484.13000000,sell,2022-05-14 17:20:50.456586+00:00
2022-05-14T17:20:50.379082Z,5587107,0.21600000,6515.87000000,sell,2022-05-14 17:20:50.379082+00:00
2022-05-14T17:18:40.84403Z,5587106,0.21400000,8.27000000,buy,2022-05-14 17:18:40.844030+00:00
2022-05-14T17:16:42.859284Z,5587105,0.21500000,2173.96000000,sell,2022-05-14 17:16:42.859284+00:00
2022-05-14T17:16:42.859284Z,5587104,0.21500000,2000.00000000,sell,2022-05-14 17:16:42.859284+00:00
2022-05-14T17:16:42.859284Z,5587103,0.21500000,434.64000000,sell,2022-05-14 17:16:42.859284+00:00
2022-05-14T17:16:19.948672Z,5587102,0.21500000,23.19000000,sell,2022-05-14 17:16:19.948672+00:00
2022-05-14T17:16:18.645538Z,5587101,0.21400000,32.66000000,buy,2022-05-14 17:16:18.645538+00:00
2022-05-14T17:16:04.086188Z,5587100,0.21400000,0.93000000,buy,2022-05-14 17:16:04.086188+00:00
2022-05-14T17:15:27.898033Z,5587099,0.21400000,18.00000000,buy,2022-05-14 17:15:27.898033+00:00
2022-05-14T17:14:38.102221Z,5587098,0.21400000,439.97000000,sell,2022-05-14 17:14:38.102221+00:00
2022-05-14T17:14:38.102221Z,5587097,0.21400000,18.00000000,sell,2022-05-14 17:14:38.102221+00:00
2022-05-14T17:14:23.992382Z,5587096,0.21400000,23.14000000,sell,2022-05-14 17:14:23.992382+00:00
2022-05-14T17:14:11.838968Z,5587095,0.21400000,3.40000000,buy,2022-05-14 17:14:11.838968+00:00
2022-05-14T17:13:57.448516Z,5587094,0.21500000,4.65000000,sell,2022-05-14 17:13:57.448516+00:00
2022-05-14T17:13:30.667119Z,5587093,0.21400000,119.05000000,buy,2022-05-14 17:13:30.667119+00:00
2022-05-14T17:12:22.221714Z,5587092,0.21500000,9.30000000,sell,2022-05-14 17:12:22.221714+00:00
2022-05-14T17:12:06.587401Z,5587091,0.21500000,0.93000000,sell,2022-05-14 17:12:06.587401+00:00
2022-05-14T17:11:44.92709Z,5587090,0.21500000,2287.44000000,buy,2022-05-14 17:11:44.927090+00:00
2022-05-14T17:11:43.869871Z,5587089,0.21500000,2000.00000000,buy,2022-05-14 17:11:43.869871+00:00
2022-05-14T17:11:24.111946Z,5587088,0.21500000,24.91000000,buy,2022-05-14 17:11:24.111946+00:00
2022-05-14T17:10:52.709387Z,5587087,0.21600000,1099.26000000,buy,2022-05-14 17:10:52.709387+00:00
2022-05-14T17:10:06.54996Z,5587086,0.21600000,51.81000000,buy,2022-05-14 17:10:06.549960+00:00
2022-05-14T17:09:16.836708Z,5587085,0.21600000,3.79000000,sell,2022-05-14 17:09:16.836708+00:00
2022-05-14T17:09:16.836708Z,5587084,0.21600000,5.10000000,sell,2022-05-14 17:09:16.836708+00:00
2022-05-14T17:09:15.868103Z,5587083,0.21500000,4.65000000,buy,2022-05-14 17:09:15.868103+00:00
2022-05-14T17:09:08.821595Z,5587082,0.21600000,108.30000000,sell,2022-05-14 17:09:08.821595+00:00
2022-05-14T17:07:25.988216Z,5587081,0.21500000,3.20000000,sell,2022-05-14 17:07:25.988216+00:00
2022-05-14T17:07:25.988216Z,5587080,0.21500000,5627.71000000,sell,2022-05-14 17:07:25.988216+00:00
2022-05-14T17:07:25.902294Z,5587079,0.21500000,1940.86000000,sell,2022-05-14 17:07:25.902294+00:00
2022-05-14T17:07:25.883637Z,5587078,0.21500000,6619.67000000,sell,2022-05-14 17:07:25.883637+00:00
2022-05-14T17:07:25.78214Z,5587077,0.21500000,6852.51000000,sell,2022-05-14 17:07:25.782140+00:00
2022-05-14T17:07:25.678444Z,5587076,0.21500000,6832.78000000,sell,2022-05-14 17:07:25.678444+00:00
2022-05-14T17:07:25.590729Z,5587075,0.21500000,16095.18000000,sell,2022-05-14 17:07:25.590729+00:00
2022-05-14T17:07:25.56001Z,5587074,0.21500000,6385.67000000,sell,2022-05-14 17:07:25.560010+00:00
2022-05-14T17:07:25.544851Z,5587073,0.21500000,8640.00000000,sell,2022-05-14 17:07:25.544851+00:00
2022-05-14T17:07:16.823715Z,5587072,0.21500000,15641.33000000,sell,2022-05-14 17:07:16.823715+00:00
2022-05-14T17:07:16.807534Z,5587071,0.21500000,72266.32000000,sell,2022-05-14 17:07:16.807534+00:00
2022-05-14T17:07:16.807534Z,5587070,0.21500000,3005.82000000,sell,2022-05-14 17:07:16.807534+00:00
2022-05-14T17:07:13.293486Z,5587069,0.21400000,25.16000000,buy,2022-05-14 17:07:13.293486+00:00
2022-05-14T17:06:54.457712Z,5587068,0.21400000,45.59000000,buy,2022-05-14 17:06:54.457712+00:00
2022-05-14T17:06:53.607503Z,5587067,0.21500000,16826.08000000,sell,2022-05-14 17:06:53.607503+00:00
2022-05-14T17:06:53.607503Z,5587066,0.21500000,5.50000000,sell,2022-05-14 17:06:53.607503+00:00
2022-05-14T17:06:53.607503Z,5587065,0.21500000,2291.89000000,sell,2022-05-14 17:06:53.607503+00:00
2022-05-14T17:06:53.607503Z,5587064,0.21500000,1096.53000000,sell,2022-05-14 17:06:53.607503+00:00
2022-05-14T17:06:51.568758Z,5587063,0.21500000,0.93000000,sell,2022-05-14 17:06:51.568758+00:00
2022-05-14T17:06:45.666069Z,5587062,0.21400000,2.30000000,buy,2022-05-14 17:06:45.666069+00:00
2022-05-14T17:06:28.284801Z,5587061,0.21500000,1.80000000,sell,2022-05-14 17:06:28.284801+00:00
2022-05-14T17:06:12.340826Z,5587060,0.21400000,108.79000000,sell,2022-05-14 17:06:12.340826+00:00
2022-05-14T17:05:36.319013Z,5587059,0.21400000,1.25000000,sell,2022-05-14 17:05:36.319013+00:00
2022-05-14T17:05:22.438057Z,5587058,0.21400000,118.60000000,sell,2022-05-14 17:05:22.438057+00:00
2022-05-14T17:05:19.838276Z,5587057,0.21400000,46.45000000,sell,2022-05-14 17:05:19.838276+00:00
2022-05-14T17:03:58.677015Z,5587056,0.21300000,3.50000000,buy,2022-05-14 17:03:58.677015+00:00
2022-05-14T17:03:57.73511Z,5587055,0.21300000,2135.54000000,sell,2022-05-14 17:03:57.735110+00:00
2022-05-14T17:03:09.464525Z,5587054,0.21200000,2000.00000000,buy,2022-05-14 17:03:09.464525+00:00
2022-05-14T17:02:27.870841Z,5587053,0.21200000,2000.00000000,buy,2022-05-14 17:02:27.870841+00:00
2022-05-14T17:02:06.650378Z,5587052,0.21200000,0.93000000,buy,2022-05-14 17:02:06.650378+00:00
2022-05-14T16:59:44.32751Z,5587051,0.21300000,454.89000000,buy,2022-05-14 16:59:44.327510+00:00
2022-05-14T16:59:44.210492Z,5587050,0.21300000,6963.12000000,buy,2022-05-14 16:59:44.210492+00:00
2022-05-14T16:59:44.191429Z,5587049,0.21300000,2000.00000000,sell,2022-05-14 16:59:44.191429+00:00
2022-05-14T16:58:54.315847Z,5587048,0.21300000,501.68000000,sell,2022-05-14 16:58:54.315847+00:00
2022-05-14T16:57:28.145468Z,5587047,0.21300000,2.53000000,sell,2022-05-14 16:57:28.145468+00:00
2022-05-14T16:57:28.145468Z,5587046,0.21300000,48.76000000,sell,2022-05-14 16:57:28.145468+00:00
2022-05-14T16:57:28.145468Z,5587045,0.21300000,2.69000000,sell,2022-05-14 16:57:28.145468+00:00
2022-05-14T16:57:28.145468Z,5587044,0.21300000,2467.36000000,sell,2022-05-14 16:57:28.145468+00:00
2022-05-14T16:57:05.588052Z,5587043,0.21200000,45.53000000,buy,2022-05-14 16:57:05.588052+00:00
2022-05-14T16:57:01.088964Z,5587042,0.21200000,6.61000000,buy,2022-05-14 16:57:01.088964+00:00
2022-05-14T16:56:39.401411Z,5587041,0.21300000,0.93000000,sell,2022-05-14 16:56:39.401411+00:00
2022-05-14T16:56:32.45822Z,5587040,0.21200000,170.18000000,buy,2022-05-14 16:56:32.458220+00:00
2022-05-14T16:56:32.45822Z,5587039,0.21200000,2160.00000000,buy,2022-05-14 16:56:32.458220+00:00
2022-05-14T16:56:32.45822Z,5587038,0.21200000,700.00000000,buy,2022-05-14 16:56:32.458220+00:00
2022-05-14T16:56:32.45822Z,5587037,0.21200000,2388.55000000,buy,2022-05-14 16:56:32.458220+00:00
2022-05-14T16:56:32.45822Z,5587036,0.21200000,2581.27000000,buy,2022-05-14 16:56:32.458220+00:00
2022-05-14T16:56:32.45822Z,5587035,0.21200000,2000.00000000,buy,2022-05-14 16:56:32.458220+00:00
2022-05-14T16:55:43.999034Z,5587034,0.21200000,2000.00000000,buy,2022-05-14 16:55:43.999034+00:00
2022-05-14T16:55:26.454746Z,5587033,0.21300000,1.01000000,sell,2022-05-14 16:55:26.454746+00:00
2022-05-14T16:55:13.385652Z,5587032,0.21300000,900.00000000,sell,2022-05-14 16:55:13.385652+00:00
2022-05-14T16:55:13.385652Z,5587031,0.21300000,0.01000000,sell,2022-05-14 16:55:13.385652+00:00
2022-05-14T16:55:10.268563Z,5587030,0.21300000,655.29000000,sell,2022-05-14 16:55:10.268563+00:00
2022-05-14T16:55:07.174221Z,5587029,0.21300000,4672.35000000,sell,2022-05-14 16:55:07.174221+00:00
2022-05-14T16:55:04.07712Z,5587028,0.21300000,4672.35000000,sell,2022-05-14 16:55:04.077120+00:00
2022-05-14T16:54:11.298421Z,5587027,0.21400000,45.53000000,sell,2022-05-14 16:54:11.298421+00:00
2022-05-14T16:52:29.564029Z,5587026,0.21300000,2000.00000000,buy,2022-05-14 16:52:29.564029+00:00
2022-05-14T16:52:26.11393Z,5587025,0.21300000,5.97000000,buy,2022-05-14 16:52:26.113930+00:00
2022-05-14T16:52:19.041908Z,5587024,0.21300000,932.64000000,buy,2022-05-14 16:52:19.041908+00:00
2022-05-14T16:52:16.645106Z,5587023,0.21400000,1163.98000000,sell,2022-05-14 16:52:16.645106+00:00
2022-05-14T16:52:15.572798Z,5587022,0.21300000,109.04000000,buy,2022-05-14 16:52:15.572798+00:00
2022-05-14T16:52:05.784173Z,5587021,0.21400000,500.00000000,sell,2022-05-14 16:52:05.784173+00:00
2022-05-14T16:51:53.185451Z,5587020,0.21300000,2000.00000000,buy,2022-05-14 16:51:53.185451+00:00
2022-05-14T16:51:41.059465Z,5587019,0.21400000,1307.58000000,buy,2022-05-14 16:51:41.059465+00:00
2022-05-14T16:51:31.070026Z,5587018,0.21500000,7.06000000,sell,2022-05-14 16:51:31.070026+00:00
2022-05-14T16:51:03.956781Z,5587017,0.21400000,1436.85000000,sell,2022-05-14 16:51:03.956781+00:00
2022-05-14T16:51:03.956781Z,5587016,0.21400000,631.19000000,sell,2022-05-14 16:51:03.956781+00:00
2022-05-14T16:51:00.607488Z,5587015,0.21300000,2326.93000000,sell,2022-05-14 16:51:00.607488+00:00
2022-05-14T16:50:32.592916Z,5587014,0.21200000,0.93000000,buy,2022-05-14 16:50:32.592916+00:00
2022-05-14T16:50:31.822606Z,5587013,0.21200000,73.08000000,buy,2022-05-14 16:50:31.822606+00:00
2022-05-14T16:50:25.503086Z,5587012,0.21300000,3990.00000000,buy,2022-05-14 16:50:25.503086+00:00
2022-05-14T16:50:03.887185Z,5587011,0.21200000,240.00000000,buy,2022-05-14 16:50:03.887185+00:00
2022-05-14T16:49:58.161986Z,5587010,0.21200000,240.00000000,sell,2022-05-14 16:49:58.161986+00:00
2022-05-14T16:48:51.828164Z,5587009,0.21100000,226.40000000,sell,2022-05-14 16:48:51.828164+00:00
2022-05-14T16:46:11.054549Z,5587008,0.21000000,0.93000000,sell,2022-05-14 16:46:11.054549+00:00
2022-05-14T16:45:17.444986Z,5587007,0.20900000,115.47000000,buy,2022-05-14 16:45:17.444986+00:00
2022-05-14T16:44:23.974548Z,5587006,0.21000000,2.10000000,sell,2022-05-14 16:44:23.974548+00:00
2022-05-14T16:44:23.974548Z,5587005,0.21000000,1984.08000000,sell,2022-05-14 16:44:23.974548+00:00
2022-05-14T16:44:23.974548Z,5587004,0.21000000,2582.62000000,sell,2022-05-14 16:44:23.974548+00:00
2022-05-14T16:44:23.974548Z,5587003,0.21000000,1486.23000000,sell,2022-05-14 16:44:23.974548+00:00
2022-05-14T16:43:17.356474Z,5587002,0.20900000,4.54000000,sell,2022-05-14 16:43:17.356474+00:00
2022-05-14T16:42:08.958017Z,5587001,0.20800000,53.70000000,buy,2022-05-14 16:42:08.958017+00:00
2022-05-14T16:42:02.002796Z,5587000,0.20900000,8.65000000,sell,2022-05-14 16:42:02.002796+00:00
2022-05-14T16:42:02.002796Z,5586999,0.20900000,5.63000000,sell,2022-05-14 16:42:02.002796+00:00
2022-05-14T16:41:45.496094Z,5586998,0.20700000,0.93000000,buy,2022-05-14 16:41:45.496094+00:00
2022-05-14T16:41:43.904487Z,5586997,0.20800000,1626.57000000,sell,2022-05-14 16:41:43.904487+00:00
2022-05-14T16:41:42.987665Z,5586996,0.20800000,2000.00000000,buy,2022-05-14 16:41:42.987665+00:00
2022-05-14T16:41:13.016946Z,5586995,0.20700000,1884.54000000,buy,2022-05-14 16:41:13.016946+00:00
2022-05-14T16:41:13.016946Z,5586994,0.20700000,2413.68000000,buy,2022-05-14 16:41:13.016946+00:00
2022-05-14T16:41:13.016946Z,5586993,0.20700000,1374.53000000,buy,2022-05-14 16:41:13.016946+00:00
2022-05-14T16:41:13.016946Z,5586992,0.20700000,1822.27000000,buy,2022-05-14 16:41:13.016946+00:00
2022-05-14T16:41:13.016946Z,5586991,0.20700000,2286.26000000,buy,2022-05-14 16:41:13.016946+00:00
2022-05-14T16:41:13.016946Z,5586990,0.20700000,5.82000000,buy,2022-05-14 16:41:13.016946+00:00
2022-05-14T16:41:13.016946Z,5586989,0.20800000,2000.00000000,buy,2022-05-14 16:41:13.016946+00:00
2022-05-14T16:41:13.016946Z,5586988,0.20800000,1766.07000000,buy,2022-05-14 16:41:13.016946+00:00
2022-05-14T16:41:13.016946Z,5586987,0.20800000,2160.00000000,buy,2022-05-14 16:41:13.016946+00:00
2022-05-14T16:40:49.25969Z,5586986,0.20800000,449.58000000,buy,2022-05-14 16:40:49.259690+00:00
2022-05-14T16:40:49.25969Z,5586985,0.20800000,3408.61000000,buy,2022-05-14 16:40:49.259690+00:00
2022-05-14T16:40:49.25969Z,5586984,0.20800000,2630.91000000,buy,2022-05-14 16:40:49.259690+00:00
2022-05-14T16:40:49.25969Z,5586983,0.20800000,2000.00000000,buy,2022-05-14 16:40:49.259690+00:00
2022-05-14T16:40:49.25969Z,5586982,0.20800000,1371.41000000,buy,2022-05-14 16:40:49.259690+00:00
2022-05-14T16:40:49.25969Z,5586981,0.20800000,2428.72000000,buy,2022-05-14 16:40:49.259690+00:00
2022-05-14T16:40:49.25969Z,5586980,0.20800000,2160.00000000,buy,2022-05-14 16:40:49.259690+00:00
2022-05-14T16:40:42.252516Z,5586979,0.20900000,48.76000000,sell,2022-05-14 16:40:42.252516+00:00
2022-05-14T16:40:18.075336Z,5586978,0.20900000,2000.00000000,buy,2022-05-14 16:40:18.075336+00:00
2022-05-14T16:40:18.075336Z,5586977,0.20900000,4774.27000000,buy,2022-05-14 16:40:18.075336+00:00
2022-05-14T16:39:50.56383Z,5586976,0.20900000,670.63000000,sell,2022-05-14 16:39:50.563830+00:00
2022-05-14T16:39:50.540941Z,5586975,0.20900000,500.00000000,sell,2022-05-14 16:39:50.540941+00:00
2022-05-14T16:39:50.540092Z,5586974,0.20900000,6838.73000000,sell,2022-05-14 16:39:50.540092+00:00
2022-05-14T16:39:47.040488Z,5586973,0.20900000,2000.00000000,buy,2022-05-14 16:39:47.040488+00:00
2022-05-14T16:39:47.040488Z,5586972,0.20900000,2358.17000000,buy,2022-05-14 16:39:47.040488+00:00
2022-05-14T16:39:20.199872Z,5586971,0.20900000,5551.75000000,sell,2022-05-14 16:39:20.199872+00:00
2022-05-14T16:39:13.494926Z,5586970,0.20900000,2000.00000000,sell,2022-05-14 16:39:13.494926+00:00
2022-05-14T16:39:08.715304Z,5586969,0.21000000,4389.21000000,sell,2022-05-14 16:39:08.715304+00:00
2022-05-14T16:39:08.715304Z,5586968,0.21000000,274.03000000,sell,2022-05-14 16:39:08.715304+00:00
2022-05-14T16:39:07.286352Z,5586967,0.20900000,2000.00000000,sell,2022-05-14 16:39:07.286352+00:00
2022-05-14T16:39:01.077832Z,5586966,0.20900000,2021.93000000,sell,2022-05-14 16:39:01.077832+00:00
2022-05-14T16:38:57.992868Z,5586965,0.20900000,2774.27000000,sell,2022-05-14 16:38:57.992868+00:00
2022-05-14T16:38:57.992868Z,5586964,0.20900000,2000.00000000,sell,2022-05-14 16:38:57.992868+00:00
2022-05-14T16:38:51.777908Z,5586963,0.20900000,2000.00000000,sell,2022-05-14 16:38:51.777908+00:00
2022-05-14T16:38:45.60542Z,5586962,0.20900000,2000.00000000,sell,2022-05-14 16:38:45.605420+00:00
2022-05-14T16:38:39.369809Z,5586961,0.20900000,2581.81000000,sell,2022-05-14 16:38:39.369809+00:00
2022-05-14T16:38:39.369809Z,5586960,0.20900000,2000.00000000,sell,2022-05-14 16:38:39.369809+00:00
2022-05-14T16:38:36.046461Z,5586959,0.21000000,227.48000000,sell,2022-05-14 16:38:36.046461+00:00
2022-05-14T16:38:03.448204Z,5586958,0.21000000,1366.93000000,sell,2022-05-14 16:38:03.448204+00:00
2022-05-14T16:37:14.924418Z,5586957,0.21000000,290.63000000,sell,2022-05-14 16:37:14.924418+00:00
2022-05-14T16:36:59.293385Z,5586956,0.20900000,62.05000000,buy,2022-05-14 16:36:59.293385+00:00
2022-05-14T16:36:41.77765Z,5586955,0.21000000,0.93000000,sell,2022-05-14 16:36:41.777650+00:00
2022-05-14T16:36:24.350975Z,5586954,0.20900000,2529.51000000,buy,2022-05-14 16:36:24.350975+00:00
2022-05-14T16:34:02.446448Z,5586953,0.20900000,4.90000000,sell,2022-05-14 16:34:02.446448+00:00
2022-05-14T16:32:03.958803Z,5586952,0.21000000,18.00000000,buy,2022-05-14 16:32:03.958803+00:00
2022-05-14T16:32:03.8878Z,5586951,0.21000000,2605.86000000,buy,2022-05-14 16:32:03.887800+00:00
2022-05-14T16:32:03.8878Z,5586950,0.21000000,18.00000000,buy,2022-05-14 16:32:03.887800+00:00
2022-05-14T16:32:02.339919Z,5586949,0.21000000,18.00000000,sell,2022-05-14 16:32:02.339919+00:00
2022-05-14T16:32:02.339919Z,5586948,0.21000000,19299.58000000,sell,2022-05-14 16:32:02.339919+00:00
2022-05-14T16:32:02.299679Z,5586947,0.21000000,6612.38000000,sell,2022-05-14 16:32:02.299679+00:00
2022-05-14T16:32:02.168853Z,5586946,0.21000000,7748.31000000,sell,2022-05-14 16:32:02.168853+00:00
2022-05-14T16:32:02.168853Z,5586945,0.21000000,18.00000000,sell,2022-05-14 16:32:02.168853+00:00
2022-05-14T16:32:02.168853Z,5586944,0.21000000,2160.00000000,sell,2022-05-14 16:32:02.168853+00:00
2022-05-14T16:32:01.525127Z,5586943,0.20900000,590.68000000,buy,2022-05-14 16:32:01.525127+00:00
2022-05-14T16:32:01.525127Z,5586942,0.20900000,439.14000000,buy,2022-05-14 16:32:01.525127+00:00
2022-05-14T16:32:01.525127Z,5586941,0.20900000,4773.13000000,buy,2022-05-14 16:32:01.525127+00:00
2022-05-14T16:32:01.525127Z,5586940,0.20900000,900.00000000,buy,2022-05-14 16:32:01.525127+00:00
2022-05-14T16:32:01.525127Z,5586939,0.20900000,2000.00000000,buy,2022-05-14 16:32:01.525127+00:00
2022-05-14T16:32:01.525127Z,5586938,0.20900000,18.00000000,buy,2022-05-14 16:32:01.525127+00:00
2022-05-14T16:32:01.525127Z,5586937,0.20900000,2160.00000000,buy,2022-05-14 16:32:01.525127+00:00
2022-05-14T16:32:01.525127Z,5586936,0.20900000,2618.33000000,buy,2022-05-14 16:32:01.525127+00:00
2022-05-14T16:32:01.525127Z,5586935,0.20900000,1099.26000000,buy,2022-05-14 16:32:01.525127+00:00
2022-05-14T16:31:56.535671Z,5586934,0.20900000,2300.36000000,sell,2022-05-14 16:31:56.535671+00:00
2022-05-14T16:31:56.535671Z,5586933,0.20900000,18.00000000,sell,2022-05-14 16:31:56.535671+00:00
2022-05-14T16:31:56.535671Z,5586932,0.20900000,2667.08000000,sell,2022-05-14 16:31:56.535671+00:00
2022-05-14T16:31:56.535671Z,5586931,0.20900000,1099.26000000,sell,2022-05-14 16:31:56.535671+00:00
2022-05-14T16:31:56.535671Z,5586930,0.20900000,9354.14000000,sell,2022-05-14 16:31:56.535671+00:00
2022-05-14T16:31:56.535671Z,5586929,0.20900000,8764.20000000,sell,2022-05-14 16:31:56.535671+00:00
2022-05-14T16:31:56.535671Z,5586928,0.20900000,2498.53000000,sell,2022-05-14 16:31:56.535671+00:00
2022-05-14T16:31:56.535671Z,5586927,0.20900000,4798.70000000,sell,2022-05-14 16:31:56.535671+00:00
2022-05-14T16:31:56.535671Z,5586926,0.20900000,2160.00000000,sell,2022-05-14 16:31:56.535671+00:00
2022-05-14T16:31:28.290152Z,5586925,0.20800000,2630.91000000,buy,2022-05-14 16:31:28.290152+00:00
2022-05-14T16:31:25.184979Z,5586924,0.20900000,660.00000000,buy,2022-05-14 16:31:25.184979+00:00
2022-05-14T16:31:20.647358Z,5586923,0.20900000,1202.58000000,sell,2022-05-14 16:31:20.647358+00:00
2022-05-14T16:31:20.647358Z,5586922,0.20900000,6.41000000,sell,2022-05-14 16:31:20.647358+00:00
2022-05-14T16:31:20.647358Z,5586921,0.20900000,631.19000000,sell,2022-05-14 16:31:20.647358+00:00
2022-05-14T16:31:05.623924Z,5586920,0.20700000,49.18000000,sell,2022-05-14 16:31:05.623924+00:00
2022-05-14T16:31:05.623924Z,5586919,0.20700000,6.84000000,sell,2022-05-14 16:31:05.623924+00:00
2022-05-14T16:29:08.774275Z,5586918,0.20500000,0.93000000,buy,2022-05-14 16:29:08.774275+00:00
2022-05-14T16:28:46.347848Z,5586917,0.20600000,737.79000000,sell,2022-05-14 16:28:46.347848+00:00
2022-05-14T16:28:10.531937Z,5586916,0.20400000,571.29000000,buy,2022-05-14 16:28:10.531937+00:00
2022-05-14T16:25:47.72825Z,5586915,0.20500000,0.93000000,buy,2022-05-14 16:25:47.728250+00:00
2022-05-14T16:24:48.813337Z,5586914,0.20600000,0.93000000,sell,2022-05-14 16:24:48.813337+00:00
2022-05-14T16:24:21.642165Z,5586913,0.20600000,7.12000000,sell,2022-05-14 16:24:21.642165+00:00
2022-05-14T16:24:16.221418Z,5586912,0.20500000,24.66000000,buy,2022-05-14 16:24:16.221418+00:00
2022-05-14T16:21:17.6735Z,5586911,0.20500000,0.93000000,sell,2022-05-14 16:21:17.673500+00:00
2022-05-14T16:20:44.514721Z,5586910,0.20500000,1349.08000000,sell,2022-05-14 16:20:44.514721+00:00
2022-05-14T16:20:44.514721Z,5586909,0.20500000,2287.63000000,sell,2022-05-14 16:20:44.514721+00:00
2022-05-14T16:20:41.177296Z,5586908,0.20400000,40.00000000,sell,2022-05-14 16:20:41.177296+00:00
2022-05-14T16:19:55.30194Z,5586907,0.20400000,1.05000000,sell,2022-05-14 16:19:55.301940+00:00
2022-05-14T16:18:51.929218Z,5586906,0.20400000,631.19000000,sell,2022-05-14 16:18:51.929218+00:00
2022-05-14T16:18:51.929218Z,5586905,0.20400000,2956.00000000,sell,2022-05-14 16:18:51.929218+00:00
2022-05-14T16:18:05.807957Z,5586904,0.20200000,21.74000000,buy,2022-05-14 16:18:05.807957+00:00
2022-05-14T16:17:00.375148Z,5586903,0.20400000,0.93000000,sell,2022-05-14 16:17:00.375148+00:00
2022-05-14T16:14:12.698164Z,5586902,0.20100000,6.00000000,sell,2022-05-14 16:14:12.698164+00:00
2022-05-14T16:13:52.458227Z,5586901,0.20100000,0.93000000,sell,2022-05-14 16:13:52.458227+00:00
2022-05-14T16:12:54.969779Z,5586900,0.20000000,1629.36000000,sell,2022-05-14 16:12:54.969779+00:00
2022-05-14T16:12:11.295317Z,5586899,0.19900000,2000.00000000,buy,2022-05-14 16:12:11.295317+00:00
2022-05-14T16:11:54.303296Z,5586898,0.19900000,2000.00000000,buy,2022-05-14 16:11:54.303296+00:00
2022-05-14T16:11:54.303296Z,5586897,0.19900000,518.01000000,buy,2022-05-14 16:11:54.303296+00:00
2022-05-14T16:11:54.303296Z,5586896,0.19900000,1403.37000000,buy,2022-05-14 16:11:54.303296+00:00
2022-05-14T16:11:54.303296Z,5586895,0.19900000,140.14000000,buy,2022-05-14 16:11:54.303296+00:00
2022-05-14T16:11:54.303296Z,5586894,0.19900000,7.47000000,buy,2022-05-14 16:11:54.303296+00:00
2022-05-14T16:11:54.303296Z,5586893,0.19900000,35.12000000,buy,2022-05-14 16:11:54.303296+00:00
2022-05-14T16:11:54.303296Z,5586892,0.19900000,31.74000000,buy,2022-05-14 16:11:54.303296+00:00
2022-05-14T16:11:54.303296Z,5586891,0.19900000,570.03000000,buy,2022-05-14 16:11:54.303296+00:00
2022-05-14T16:11:35.777038Z,5586890,0.20000000,2160.00000000,buy,2022-05-14 16:11:35.777038+00:00
2022-05-14T16:11:35.777038Z,5586889,0.20000000,2495.19000000,buy,2022-05-14 16:11:35.777038+00:00
2022-05-14T16:11:35.777038Z,5586888,0.20000000,663.14000000,buy,2022-05-14 16:11:35.777038+00:00
2022-05-14T16:10:14.700751Z,5586887,0.20200000,0.93000000,sell,2022-05-14 16:10:14.700751+00:00
2022-05-14T16:06:10.151031Z,5586886,0.20200000,673.48000000,buy,2022-05-14 16:06:10.151031+00:00
2022-05-14T16:06:05.749072Z,5586885,0.20200000,126.77000000,sell,2022-05-14 16:06:05.749072+00:00
2022-05-14T16:05:32.8853Z,5586884,0.20100000,0.93000000,buy,2022-05-14 16:05:32.885300+00:00
2022-05-14T16:05:22.479482Z,5586883,0.20200000,1477.76000000,sell,2022-05-14 16:05:22.479482+00:00
2022-05-14T16:03:09.727308Z,5586882,0.20200000,4.82000000,buy,2022-05-14 16:03:09.727308+00:00
2022-05-14T16:03:09.727308Z,5586881,0.20200000,7.52000000,buy,2022-05-14 16:03:09.727308+00:00
2022-05-14T16:03:09.727308Z,5586880,0.20200000,0.95000000,buy,2022-05-14 16:03:09.727308+00:00
2022-05-14T16:01:32.753057Z,5586879,0.20300000,0.93000000,sell,2022-05-14 16:01:32.753057+00:00
2022-05-14T15:58:46.132705Z,5586878,0.20100000,148.88000000,buy,2022-05-14 15:58:46.132705+00:00
2022-05-14T15:57:43.628037Z,5586877,0.20200000,164.95000000,sell,2022-05-14 15:57:43.628037+00:00
2022-05-14T15:57:31.600415Z,5586876,0.20100000,0.93000000,buy,2022-05-14 15:57:31.600415+00:00
2022-05-14T15:56:37.848069Z,5586875,0.20100000,1.60000000,buy,2022-05-14 15:56:37.848069+00:00
2022-05-14T15:56:37.848069Z,5586874,0.20100000,1341.41000000,buy,2022-05-14 15:56:37.848069+00:00
2022-05-14T15:56:35.280845Z,5586873,0.20100000,18.59000000,buy,2022-05-14 15:56:35.280845+00:00
2022-05-14T15:55:40.416659Z,5586872,0.20200000,4.50000000,sell,2022-05-14 15:55:40.416659+00:00
2022-05-14T15:53:20.451079Z,5586871,0.20200000,0.93000000,sell,2022-05-14 15:53:20.451079+00:00
2022-05-14T15:53:08.158948Z,5586870,0.20000000,185.34000000,buy,2022-05-14 15:53:08.158948+00:00
2022-05-14T15:53:08.158948Z,5586869,0.20100000,0.59000000,buy,2022-05-14 15:53:08.158948+00:00
2022-05-14T15:52:40.249155Z,5586868,0.20100000,3.72000000,buy,2022-05-14 15:52:40.249155+00:00
2022-05-14T15:52:25.025362Z,5586867,0.20100000,30.00000000,buy,2022-05-14 15:52:25.025362+00:00
2022-05-14T15:51:49.140985Z,5586866,0.20100000,4.16000000,buy,2022-05-14 15:51:49.140985+00:00
2022-05-14T15:49:17.470071Z,5586865,0.20100000,1436.32000000,sell,2022-05-14 15:49:17.470071+00:00
2022-05-14T15:49:11.459416Z,5586864,0.20100000,0.93000000,sell,2022-05-14 15:49:11.459416+00:00
2022-05-14T15:48:21.271012Z,5586863,0.20000000,85.00000000,buy,2022-05-14 15:48:21.271012+00:00
2022-05-14T15:47:18.21752Z,5586862,0.20000000,43.52000000,buy,2022-05-14 15:47:18.217520+00:00
2022-05-14T15:45:34.701677Z,5586861,0.20000000,118.07000000,buy,2022-05-14 15:45:34.701677+00:00
2022-05-14T15:44:50.122891Z,5586860,0.19900000,0.93000000,buy,2022-05-14 15:44:50.122891+00:00
2022-05-14T15:44:33.476161Z,5586859,0.19900000,10.68000000,buy,2022-05-14 15:44:33.476161+00:00
2022-05-14T15:43:03.273924Z,5586858,0.20000000,4.50000000,buy,2022-05-14 15:43:03.273924+00:00
2022-05-14T15:43:03.273924Z,5586857,0.20000000,28.04000000,buy,2022-05-14 15:43:03.273924+00:00
2022-05-14T15:43:03.273924Z,5586856,0.20000000,28.03000000,buy,2022-05-14 15:43:03.273924+00:00
2022-05-14T15:43:03.273924Z,5586855,0.20000000,56.07000000,buy,2022-05-14 15:43:03.273924+00:00
2022-05-14T15:40:19.573412Z,5586854,0.20000000,0.93000000,buy,2022-05-14 15:40:19.573412+00:00
2022-05-14T15:37:48.797082Z,5586853,0.20100000,0.96000000,sell,2022-05-14 15:37:48.797082+00:00
2022-05-14T15:37:27.716935Z,5586852,0.20100000,539.55000000,sell,2022-05-14 15:37:27.716935+00:00
2022-05-14T15:37:27.716935Z,5586851,0.20100000,2000.00000000,sell,2022-05-14 15:37:27.716935+00:00
2022-05-14T15:36:28.38258Z,5586850,0.20100000,1.72000000,buy,2022-05-14 15:36:28.382580+00:00
2022-05-14T15:36:28.38258Z,5586849,0.20100000,2160.00000000,buy,2022-05-14 15:36:28.382580+00:00
2022-05-14T15:35:35.389995Z,5586848,0.20200000,11.42000000,sell,2022-05-14 15:35:35.389995+00:00
2022-05-14T15:34:40.111448Z,5586847,0.20100000,2000.00000000,buy,2022-05-14 15:34:40.111448+00:00
2022-05-14T15:34:22.332615Z,5586846,0.20000000,0.93000000,buy,2022-05-14 15:34:22.332615+00:00
2022-05-14T15:32:54.490267Z,5586845,0.20100000,2.52000000,buy,2022-05-14 15:32:54.490267+00:00
2022-05-14T15:32:54.490267Z,5586844,0.20100000,2.69000000,buy,2022-05-14 15:32:54.490267+00:00
2022-05-14T15:32:08.377345Z,5586843,0.20200000,2000.00000000,buy,2022-05-14 15:32:08.377345+00:00
2022-05-14T15:32:08.377345Z,5586842,0.20200000,5.08000000,buy,2022-05-14 15:32:08.377345+00:00
2022-05-14T15:32:08.377345Z,5586841,0.20200000,73.03000000,buy,2022-05-14 15:32:08.377345+00:00
2022-05-14T15:32:08.377345Z,5586840,0.20200000,5.09000000,buy,2022-05-14 15:32:08.377345+00:00
2022-05-14T15:31:57.745345Z,5586839,0.20300000,122.56000000,sell,2022-05-14 15:31:57.745345+00:00
2022-05-14T15:31:45.277816Z,5586838,0.20300000,4.74000000,sell,2022-05-14 15:31:45.277816+00:00
2022-05-14T15:31:23.53743Z,5586837,0.20300000,4.73000000,sell,2022-05-14 15:31:23.537430+00:00
2022-05-14T15:31:02.627078Z,5586836,0.20300000,2160.00000000,sell,2022-05-14 15:31:02.627078+00:00
2022-05-14T15:30:14.680717Z,5586835,0.20200000,0.93000000,buy,2022-05-14 15:30:14.680717+00:00
2022-05-14T15:28:51.714029Z,5586834,0.20200000,1332.36000000,buy,2022-05-14 15:28:51.714029+00:00
2022-05-14T15:27:35.924004Z,5586833,0.20200000,3.03000000,buy,2022-05-14 15:27:35.924004+00:00
2022-05-14T15:27:31.327431Z,5586832,0.20300000,16.18000000,sell,2022-05-14 15:27:31.327431+00:00
2022-05-14T15:26:04.55045Z,5586831,0.20400000,0.93000000,sell,2022-05-14 15:26:04.550450+00:00
2022-05-14T15:24:46.721712Z,5586830,0.20300000,2160.00000000,sell,2022-05-14 15:24:46.721712+00:00
2022-05-14T15:24:21.388862Z,5586829,0.20200000,4.32000000,buy,2022-05-14 15:24:21.388862+00:00
2022-05-14T15:21:51.014428Z,5586828,0.20300000,0.95000000,sell,2022-05-14 15:21:51.014428+00:00
2022-05-14T15:21:05.761866Z,5586827,0.20200000,0.93000000,buy,2022-05-14 15:21:05.761866+00:00
2022-05-14T15:20:14.997635Z,5586826,0.20300000,0.35000000,buy,2022-05-14 15:20:14.997635+00:00
2022-05-14T15:20:12.998263Z,5586825,0.20300000,24.18000000,buy,2022-05-14 15:20:12.998263+00:00
2022-05-14T15:20:07.145005Z,5586824,0.20300000,2.70000000,buy,2022-05-14 15:20:07.145005+00:00
2022-05-14T15:20:07.145005Z,5586823,0.20300000,0.97000000,buy,2022-05-14 15:20:07.145005+00:00
2022-05-14T15:20:04.368889Z,5586822,0.20400000,24.41000000,sell,2022-05-14 15:20:04.368889+00:00
2022-05-14T15:19:26.307521Z,5586821,0.20400000,168.20000000,sell,2022-05-14 15:19:26.307521+00:00
2022-05-14T15:19:25.760234Z,5586820,0.20400000,3.49000000,sell,2022-05-14 15:19:25.760234+00:00
2022-05-14T15:18:45.60536Z,5586819,0.20400000,65.90000000,sell,2022-05-14 15:18:45.605360+00:00
2022-05-14T15:18:35.1087Z,5586818,0.20400000,1.05000000,sell,2022-05-14 15:18:35.108700+00:00
2022-05-14T15:18:04.047423Z,5586817,0.20300000,24.00000000,buy,2022-05-14 15:18:04.047423+00:00
2022-05-14T15:17:04.38714Z,5586816,0.20300000,20.42000000,buy,2022-05-14 15:17:04.387140+00:00
2022-05-14T15:16:35.902764Z,5586815,0.20300000,0.22000000,buy,2022-05-14 15:16:35.902764+00:00
2022-05-14T15:16:35.902764Z,5586814,0.20300000,0.71000000,buy,2022-05-14 15:16:35.902764+00:00
2022-05-14T15:16:29.692347Z,5586813,0.20300000,49.29000000,buy,2022-05-14 15:16:29.692347+00:00
2022-05-14T15:14:33.471379Z,5586812,0.20400000,18.07000000,buy,2022-05-14 15:14:33.471379+00:00
2022-05-14T15:14:12.546715Z,5586811,0.20400000,50.00000000,buy,2022-05-14 15:14:12.546715+00:00
2022-05-14T15:14:12.453839Z,5586810,0.20400000,1455.45000000,buy,2022-05-14 15:14:12.453839+00:00
2022-05-14T15:13:19.792183Z,5586809,0.20400000,1.15000000,buy,2022-05-14 15:13:19.792183+00:00
2022-05-14T15:12:58.294939Z,5586808,0.20400000,6.43000000,sell,2022-05-14 15:12:58.294939+00:00
2022-05-14T15:12:58.294939Z,5586807,0.20400000,2474.01000000,sell,2022-05-14 15:12:58.294939+00:00
2022-05-14T15:12:58.294939Z,5586806,0.20400000,2474.89000000,sell,2022-05-14 15:12:58.294939+00:00
2022-05-14T15:12:58.294939Z,5586805,0.20400000,1492.47000000,sell,2022-05-14 15:12:58.294939+00:00
2022-05-14T15:12:58.294939Z,5586804,0.20400000,1900.30000000,sell,2022-05-14 15:12:58.294939+00:00
2022-05-14T15:12:10.549218Z,5586803,0.20400000,43.95000000,sell,2022-05-14 15:12:10.549218+00:00
2022-05-14T15:11:57.236926Z,5586802,0.20300000,0.93000000,buy,2022-05-14 15:11:57.236926+00:00
2022-05-14T15:09:32.892271Z,5586801,0.20300000,955.98000000,buy,2022-05-14 15:09:32.892271+00:00
2022-05-14T15:09:32.877895Z,5586800,0.20300000,2000.00000000,sell,2022-05-14 15:09:32.877895+00:00
2022-05-14T15:08:04.003037Z,5586799,0.20400000,0.93000000,sell,2022-05-14 15:08:04.003037+00:00
2022-05-14T15:07:46.862904Z,5586798,0.20300000,2160.00000000,sell,2022-05-14 15:07:46.862904+00:00
2022-05-14T15:07:17.405194Z,5586797,0.20200000,51.63000000,buy,2022-05-14 15:07:17.405194+00:00
2022-05-14T15:06:49.728049Z,5586796,0.20300000,1421.00000000,sell,2022-05-14 15:06:49.728049+00:00
2022-05-14T15:06:19.782532Z,5586795,0.20300000,2000.00000000,buy,2022-05-14 15:06:19.782532+00:00
2022-05-14T15:05:48.009829Z,5586794,0.20200000,337.22000000,buy,2022-05-14 15:05:48.009829+00:00
2022-05-14T15:03:22.761115Z,5586793,0.20300000,770.68000000,sell,2022-05-14 15:03:22.761115+00:00
2022-05-14T15:03:22.761115Z,5586792,0.20200000,199.07000000,sell,2022-05-14 15:03:22.761115+00:00
2022-05-14T15:03:20.276775Z,5586791,0.20200000,0.93000000,sell,2022-05-14 15:03:20.276775+00:00
2022-05-14T15:01:39.312619Z,5586790,0.20200000,675.00000000,sell,2022-05-14 15:01:39.312619+00:00
2022-05-14T15:01:07.431525Z,5586789,0.20100000,144.51000000,buy,2022-05-14 15:01:07.431525+00:00
2022-05-14T15:00:17.433326Z,5586788,0.20200000,300.00000000,buy,2022-05-14 15:00:17.433326+00:00
2022-05-14T14:59:13.513257Z,5586787,0.20100000,368.10000000,buy,2022-05-14 14:59:13.513257+00:00
2022-05-14T14:58:34.508338Z,5586786,0.20200000,27.64000000,sell,2022-05-14 14:58:34.508338+00:00
2022-05-14T14:58:10.016603Z,5586785,0.20200000,23.69000000,sell,2022-05-14 14:58:10.016603+00:00
2022-05-14T14:58:08.953895Z,5586784,0.20100000,0.93000000,buy,2022-05-14 14:58:08.953895+00:00
2022-05-14T14:56:37.872805Z,5586783,0.20100000,22.61000000,buy,2022-05-14 14:56:37.872805+00:00
2022-05-14T14:56:37.660416Z,5586782,0.20100000,500.00000000,buy,2022-05-14 14:56:37.660416+00:00
2022-05-14T14:56:17.988167Z,5586781,0.20100000,3.13000000,buy,2022-05-14 14:56:17.988167+00:00
2022-05-14T14:56:13.358588Z,5586780,0.20100000,2000.00000000,buy,2022-05-14 14:56:13.358588+00:00
2022-05-14T14:54:55.89041Z,5586779,0.20200000,2.11000000,sell,2022-05-14 14:54:55.890410+00:00
2022-05-14T14:54:23.815321Z,5586778,0.20200000,22.00000000,sell,2022-05-14 14:54:23.815321+00:00
2022-05-14T14:53:51.878226Z,5586777,0.20200000,0.93000000,buy,2022-05-14 14:53:51.878226+00:00
2022-05-14T14:53:16.124478Z,5586776,0.20300000,475.50000000,sell,2022-05-14 14:53:16.124478+00:00
2022-05-14T14:53:14.539558Z,5586775,0.20200000,690.34000000,buy,2022-05-14 14:53:14.539558+00:00
2022-05-14T14:53:13.465598Z,5586774,0.20200000,450.22000000,buy,2022-05-14 14:53:13.465598+00:00
2022-05-14T14:53:10.933222Z,5586773,0.20200000,5178.48000000,sell,2022-05-14 14:53:10.933222+00:00
2022-05-14T14:53:10.834528Z,5586772,0.20200000,7235.44000000,sell,2022-05-14 14:53:10.834528+00:00
2022-05-14T14:52:13.858413Z,5586771,0.20200000,1742.93000000,sell,2022-05-14 14:52:13.858413+00:00
2022-05-14T14:49:07.896075Z,5586770,0.20200000,2000.00000000,buy,2022-05-14 14:49:07.896075+00:00
2022-05-14T14:48:38.21173Z,5586769,0.20200000,2390.79000000,sell,2022-05-14 14:48:38.211730+00:00
2022-05-14T14:48:38.137737Z,5586768,0.20200000,7297.92000000,sell,2022-05-14 14:48:38.137737+00:00
2022-05-14T14:48:38.012042Z,5586767,0.20200000,6839.99000000,sell,2022-05-14 14:48:38.012042+00:00
2022-05-14T14:48:31.244004Z,5586766,0.20200000,2000.00000000,sell,2022-05-14 14:48:31.244004+00:00
2022-05-14T14:48:25.065699Z,5586765,0.20200000,2000.00000000,sell,2022-05-14 14:48:25.065699+00:00
2022-05-14T14:48:21.970993Z,5586764,0.20200000,2449.36000000,sell,2022-05-14 14:48:21.970993+00:00
2022-05-14T14:47:51.316331Z,5586763,0.20300000,0.93000000,sell,2022-05-14 14:47:51.316331+00:00
2022-05-14T14:47:36.149892Z,5586762,0.20200000,4.13000000,buy,2022-05-14 14:47:36.149892+00:00
2022-05-14T14:47:36.149892Z,5586761,0.20200000,18.00000000,buy,2022-05-14 14:47:36.149892+00:00
2022-05-14T14:46:01.799846Z,5586760,0.20200000,2452.57000000,buy,2022-05-14 14:46:01.799846+00:00
2022-05-14T14:46:01.799846Z,5586759,0.20200000,1976.50000000,buy,2022-05-14 14:46:01.799846+00:00
2022-05-14T14:46:01.799846Z,5586758,0.20200000,2347.86000000,buy,2022-05-14 14:46:01.799846+00:00
2022-05-14T14:46:01.799846Z,5586757,0.20200000,3230.59000000,buy,2022-05-14 14:46:01.799846+00:00
2022-05-14T14:46:01.799846Z,5586756,0.20200000,1370.85000000,buy,2022-05-14 14:46:01.799846+00:00
2022-05-14T14:46:01.799846Z,5586755,0.20200000,2160.00000000,buy,2022-05-14 14:46:01.799846+00:00
2022-05-14T14:45:49.971186Z,5586754,0.20300000,561.55000000,sell,2022-05-14 14:45:49.971186+00:00
2022-05-14T14:45:49.971186Z,5586753,0.20300000,2311.71000000,sell,2022-05-14 14:45:49.971186+00:00
2022-05-14T14:45:49.971186Z,5586752,0.20300000,2000.00000000,sell,2022-05-14 14:45:49.971186+00:00
2022-05-14T14:45:49.971186Z,5586751,0.20300000,18.00000000,sell,2022-05-14 14:45:49.971186+00:00
2022-05-14T14:45:49.971186Z,5586750,0.20300000,23.45000000,sell,2022-05-14 14:45:49.971186+00:00
2022-05-14T14:45:46.849356Z,5586749,0.20300000,4914.71000000,sell,2022-05-14 14:45:46.849356+00:00
2022-05-14T14:45:40.635028Z,5586748,0.20300000,1843.41000000,sell,2022-05-14 14:45:40.635028+00:00
2022-05-14T14:45:40.635028Z,5586747,0.20300000,2000.00000000,sell,2022-05-14 14:45:40.635028+00:00
2022-05-14T14:45:34.442274Z,5586746,0.20300000,2000.00000000,sell,2022-05-14 14:45:34.442274+00:00
2022-05-14T14:45:28.218199Z,5586745,0.20300000,2000.00000000,sell,2022-05-14 14:45:28.218199+00:00
2022-05-14T14:45:22.428043Z,5586744,0.20300000,2000.00000000,sell,2022-05-14 14:45:22.428043+00:00
2022-05-14T14:45:06.866521Z,5586743,0.20300000,1809.26000000,sell,2022-05-14 14:45:06.866521+00:00
2022-05-14T14:45:03.228054Z,5586742,0.20300000,2000.00000000,sell,2022-05-14 14:45:03.228054+00:00
2022-05-14T14:40:43.994598Z,5586741,0.20200000,2000.00000000,buy,2022-05-14 14:40:43.994598+00:00
2022-05-14T14:39:56.534024Z,5586740,0.20200000,25.00000000,buy,2022-05-14 14:39:56.534024+00:00
2022-05-14T14:39:54.866771Z,5586739,0.20300000,0.93000000,sell,2022-05-14 14:39:54.866771+00:00
2022-05-14T14:39:26.536521Z,5586738,0.20300000,50.00000000,sell,2022-05-14 14:39:26.536521+00:00
2022-05-14T14:38:54.907511Z,5586737,0.20300000,4.93000000,sell,2022-05-14 14:38:54.907511+00:00
2022-05-14T14:37:26.442468Z,5586736,0.20200000,52.01000000,buy,2022-05-14 14:37:26.442468+00:00
2022-05-14T14:35:14.512059Z,5586735,0.20300000,0.93000000,sell,2022-05-14 14:35:14.512059+00:00
2022-05-14T14:34:49.983481Z,5586734,0.20300000,245.04000000,sell,2022-05-14 14:34:49.983481+00:00
2022-05-14T14:33:22.650539Z,5586733,0.20200000,0.99000000,buy,2022-05-14 14:33:22.650539+00:00
2022-05-14T14:32:04.151346Z,5586732,0.20300000,5.84000000,sell,2022-05-14 14:32:04.151346+00:00
2022-05-14T14:32:02.092479Z,5586731,0.20300000,1176.39000000,sell,2022-05-14 14:32:02.092479+00:00
2022-05-14T14:30:27.226585Z,5586730,0.20200000,0.93000000,buy,2022-05-14 14:30:27.226585+00:00
2022-05-14T14:30:14.973786Z,5586729,0.20300000,58.92000000,buy,2022-05-14 14:30:14.973786+00:00
2022-05-14T14:25:57.490134Z,5586728,0.20200000,2000.00000000,buy,2022-05-14 14:25:57.490134+00:00
2022-05-14T14:25:44.432397Z,5586727,0.20300000,0.93000000,sell,2022-05-14 14:25:44.432397+00:00
2022-05-14T14:24:53.123862Z,5586726,0.20300000,1000.00000000,sell,2022-05-14 14:24:53.123862+00:00
2022-05-14T14:22:20.187073Z,5586725,0.20200000,18.00000000,buy,2022-05-14 14:22:20.187073+00:00
2022-05-14T14:22:20.110864Z,5586724,0.20200000,18.00000000,buy,2022-05-14 14:22:20.110864+00:00
2022-05-14T14:22:09.729368Z,5586723,0.20200000,18.00000000,sell,2022-05-14 14:22:09.729368+00:00
2022-05-14T14:22:09.729368Z,5586722,0.20200000,29062.46000000,sell,2022-05-14 14:22:09.729368+00:00
2022-05-14T14:22:09.729368Z,5586721,0.20200000,1917.20000000,sell,2022-05-14 14:22:09.729368+00:00
2022-05-14T14:22:09.729368Z,5586720,0.20200000,1355.75000000,sell,2022-05-14 14:22:09.729368+00:00
2022-05-14T14:21:55.240998Z,5586719,0.20200000,0.93000000,sell,2022-05-14 14:21:55.240998+00:00
2022-05-14T14:21:07.847455Z,5586718,0.20200000,159.79000000,sell,2022-05-14 14:21:07.847455+00:00
2022-05-14T14:20:31.405284Z,5586717,0.20200000,3.83000000,sell,2022-05-14 14:20:31.405284+00:00
2022-05-14T14:20:13.964352Z,5586716,0.20200000,2000.00000000,buy,2022-05-14 14:20:13.964352+00:00
2022-05-14T14:20:13.964352Z,5586715,0.20200000,0.56000000,buy,2022-05-14 14:20:13.964352+00:00
2022-05-14T14:20:08.690839Z,5586714,0.20200000,0.98000000,buy,2022-05-14 14:20:08.690839+00:00
2022-05-14T14:20:08.690839Z,5586713,0.20200000,10.18000000,buy,2022-05-14 14:20:08.690839+00:00
2022-05-14T14:18:01.429303Z,5586712,0.20300000,0.93000000,sell,2022-05-14 14:18:01.429303+00:00
2022-05-14T14:17:37.317713Z,5586711,0.20200000,1859.26000000,buy,2022-05-14 14:17:37.317713+00:00
2022-05-14T14:17:37.317713Z,5586710,0.20200000,2000.00000000,buy,2022-05-14 14:17:37.317713+00:00
2022-05-14T14:17:37.317713Z,5586709,0.20200000,1.79000000,buy,2022-05-14 14:17:37.317713+00:00
2022-05-14T14:17:37.317713Z,5586708,0.20200000,16.37000000,buy,2022-05-14 14:17:37.317713+00:00
2022-05-14T14:17:37.317713Z,5586707,0.20200000,138.23000000,buy,2022-05-14 14:17:37.317713+00:00
2022-05-14T14:17:34.861775Z,5586706,0.20200000,2.99000000,buy,2022-05-14 14:17:34.861775+00:00
2022-05-14T14:17:20.180012Z,5586705,0.20300000,44.16000000,sell,2022-05-14 14:17:20.180012+00:00
2022-05-14T14:17:11.388435Z,5586704,0.20200000,201.38000000,buy,2022-05-14 14:17:11.388435+00:00
2022-05-14T14:16:40.279084Z,5586703,0.20200000,746.31000000,buy,2022-05-14 14:16:40.279084+00:00
2022-05-14T14:15:35.632983Z,5586702,0.20200000,10.35000000,buy,2022-05-14 14:15:35.632983+00:00
2022-05-14T14:13:56.744956Z,5586701,0.20100000,0.93000000,buy,2022-05-14 14:13:56.744956+00:00
2022-05-14T14:10:56.791613Z,5586700,0.20200000,0.39000000,buy,2022-05-14 14:10:56.791613+00:00
2022-05-14T14:10:56.686797Z,5586699,0.20200000,2.45000000,buy,2022-05-14 14:10:56.686797+00:00
2022-05-14T14:10:56.686797Z,5586698,0.20200000,53.35000000,buy,2022-05-14 14:10:56.686797+00:00
2022-05-14T14:10:41.261127Z,5586697,0.20200000,1372.57000000,buy,2022-05-14 14:10:41.261127+00:00
2022-05-14T14:10:38.369604Z,5586696,0.20300000,372.68000000,sell,2022-05-14 14:10:38.369604+00:00
2022-05-14T14:10:38.369604Z,5586695,0.20300000,1099.26000000,sell,2022-05-14 14:10:38.369604+00:00
2022-05-14T14:10:10.26942Z,5586694,0.20100000,0.93000000,buy,2022-05-14 14:10:10.269420+00:00
2022-05-14T14:10:01.3034Z,5586693,0.20200000,3.30000000,sell,2022-05-14 14:10:01.303400+00:00
2022-05-14T14:06:41.229223Z,5586692,0.20000000,3.62000000,buy,2022-05-14 14:06:41.229223+00:00
2022-05-14T14:05:58.861564Z,5586691,0.20100000,495.04000000,sell,2022-05-14 14:05:58.861564+00:00
2022-05-14T14:05:33.078377Z,5586690,0.20000000,1268.76000000,sell,2022-05-14 14:05:33.078377+00:00
2022-05-14T14:05:30.682636Z,5586689,0.20000000,1099.26000000,sell,2022-05-14 14:05:30.682636+00:00
2022-05-14T14:05:30.682636Z,5586688,0.20000000,2715.86000000,sell,2022-05-14 14:05:30.682636+00:00
2022-05-14T14:05:30.682636Z,5586687,0.20000000,700.00000000,sell,2022-05-14 14:05:30.682636+00:00
2022-05-14T14:05:30.682636Z,5586686,0.20000000,2000.00000000,sell,2022-05-14 14:05:30.682636+00:00
2022-05-14T14:05:19.304219Z,5586685,0.20000000,0.93000000,buy,2022-05-14 14:05:19.304219+00:00
2022-05-14T14:02:00.232184Z,5586684,0.20100000,1999.99000000,buy,2022-05-14 14:02:00.232184+00:00
2022-05-14T14:01:18.596665Z,5586683,0.20200000,0.93000000,sell,2022-05-14 14:01:18.596665+00:00
2022-05-14T14:00:29.119653Z,5586682,0.20100000,1196.17000000,sell,2022-05-14 14:00:29.119653+00:00
2022-05-14T14:00:27.801877Z,5586681,0.20000000,2000.00000000,buy,2022-05-14 14:00:27.801877+00:00
2022-05-14T14:00:22.858224Z,5586680,0.20000000,2000.00000000,buy,2022-05-14 14:00:22.858224+00:00
2022-05-14T13:59:12.57742Z,5586679,0.20100000,2000.00000000,buy,2022-05-14 13:59:12.577420+00:00
2022-05-14T13:58:08.883664Z,5586678,0.20200000,500.00000000,sell,2022-05-14 13:58:08.883664+00:00
2022-05-14T13:58:08.883664Z,5586677,0.20200000,2292.64000000,sell,2022-05-14 13:58:08.883664+00:00
2022-05-14T13:57:55.217398Z,5586676,0.20100000,3.66000000,buy,2022-05-14 13:57:55.217398+00:00
2022-05-14T13:56:32.257405Z,5586675,0.20100000,0.93000000,buy,2022-05-14 13:56:32.257405+00:00
2022-05-14T13:55:44.595686Z,5586674,0.20100000,225.00000000,buy,2022-05-14 13:55:44.595686+00:00
2022-05-14T13:55:03.622085Z,5586673,0.20100000,13.47000000,buy,2022-05-14 13:55:03.622085+00:00
2022-05-14T13:52:38.973765Z,5586672,0.20100000,1566.00000000,buy,2022-05-14 13:52:38.973765+00:00
2022-05-14T13:52:28.16657Z,5586671,0.20200000,23.98000000,sell,2022-05-14 13:52:28.166570+00:00
2022-05-14T13:52:00.929578Z,5586670,0.20100000,56.78000000,sell,2022-05-14 13:52:00.929578+00:00
2022-05-14T13:51:42.740122Z,5586669,0.20100000,0.93000000,sell,2022-05-14 13:51:42.740122+00:00
2022-05-14T13:51:20.469167Z,5586668,0.20000000,104.42000000,buy,2022-05-14 13:51:20.469167+00:00
2022-05-14T13:50:34.897886Z,5586667,0.20200000,28.44000000,sell,2022-05-14 13:50:34.897886+00:00
2022-05-14T13:49:52.367458Z,5586666,0.20200000,41.14000000,sell,2022-05-14 13:49:52.367458+00:00
2022-05-14T13:49:51.285254Z,5586665,0.20100000,147.92000000,buy,2022-05-14 13:49:51.285254+00:00
2022-05-14T13:49:41.559312Z,5586664,0.20100000,2000.00000000,buy,2022-05-14 13:49:41.559312+00:00
2022-05-14T13:49:33.155611Z,5586663,0.20000000,3859.18000000,buy,2022-05-14 13:49:33.155611+00:00
2022-05-14T13:49:33.155611Z,5586662,0.20000000,2160.00000000,buy,2022-05-14 13:49:33.155611+00:00
2022-05-14T13:49:33.155611Z,5586661,0.20000000,4984.69000000,buy,2022-05-14 13:49:33.155611+00:00
2022-05-14T13:49:33.155611Z,5586660,0.20100000,600.00000000,buy,2022-05-14 13:49:33.155611+00:00
2022-05-14T13:49:33.155611Z,5586659,0.20100000,2000.00000000,buy,2022-05-14 13:49:33.155611+00:00
2022-05-14T13:48:37.109909Z,5586658,0.20000000,1846.23000000,sell,2022-05-14 13:48:37.109909+00:00
2022-05-14T13:48:37.092566Z,5586657,0.20000000,3166.77000000,buy,2022-05-14 13:48:37.092566+00:00
2022-05-14T13:48:37.092566Z,5586656,0.20000000,4333.23000000,buy,2022-05-14 13:48:37.092566+00:00
2022-05-14T13:48:37.092566Z,5586655,0.20000000,700.00000000,buy,2022-05-14 13:48:37.092566+00:00
2022-05-14T13:48:37.092566Z,5586654,0.20000000,2374.42000000,buy,2022-05-14 13:48:37.092566+00:00
2022-05-14T13:48:37.092566Z,5586653,0.20000000,2477.78000000,buy,2022-05-14 13:48:37.092566+00:00
2022-05-14T13:48:37.092566Z,5586652,0.20000000,1887.14000000,buy,2022-05-14 13:48:37.092566+00:00
2022-05-14T13:48:37.092566Z,5586651,0.20000000,1439.75000000,buy,2022-05-14 13:48:37.092566+00:00
2022-05-14T13:48:37.092566Z,5586650,0.20000000,2736.15000000,buy,2022-05-14 13:48:37.092566+00:00
2022-05-14T13:48:37.092566Z,5586649,0.20000000,4987.64000000,buy,2022-05-14 13:48:37.092566+00:00
2022-05-14T13:48:37.092566Z,5586648,0.20000000,2160.00000000,buy,2022-05-14 13:48:37.092566+00:00
2022-05-14T13:48:37.092566Z,5586647,0.20000000,2000.00000000,buy,2022-05-14 13:48:37.092566+00:00
2022-05-14T13:48:11.291426Z,5586646,0.20100000,2000.00000000,buy,2022-05-14 13:48:11.291426+00:00
2022-05-14T13:48:04.043655Z,5586645,0.20100000,720.95000000,sell,2022-05-14 13:48:04.043655+00:00
2022-05-14T13:48:00.442157Z,5586644,0.20100000,130.00000000,sell,2022-05-14 13:48:00.442157+00:00
2022-05-14T13:47:59.135184Z,5586643,0.20100000,2000.00000000,buy,2022-05-14 13:47:59.135184+00:00
2022-05-14T13:47:59.135184Z,5586642,0.20100000,147.92000000,buy,2022-05-14 13:47:59.135184+00:00
2022-05-14T13:46:59.561757Z,5586641,0.20300000,0.93000000,sell,2022-05-14 13:46:59.561757+00:00
2022-05-14T13:46:22.091445Z,5586640,0.20200000,115.28000000,buy,2022-05-14 13:46:22.091445+00:00
2022-05-14T13:44:14.581148Z,5586639,0.20200000,74.14000000,buy,2022-05-14 13:44:14.581148+00:00
2022-05-14T13:43:26.771857Z,5586638,0.20100000,435.26000000,buy,2022-05-14 13:43:26.771857+00:00
2022-05-14T13:42:51.281429Z,5586637,0.20200000,0.93000000,buy,2022-05-14 13:42:51.281429+00:00
2022-05-14T13:42:41.259251Z,5586636,0.20200000,1484.28000000,sell,2022-05-14 13:42:41.259251+00:00
2022-05-14T13:42:38.971312Z,5586635,0.20100000,457.05000000,buy,2022-05-14 13:42:38.971312+00:00
2022-05-14T13:42:38.971312Z,5586634,0.20100000,2160.00000000,buy,2022-05-14 13:42:38.971312+00:00
2022-05-14T13:42:38.971312Z,5586633,0.20100000,2289.00000000,buy,2022-05-14 13:42:38.971312+00:00
2022-05-14T13:42:38.971312Z,5586632,0.20100000,1947.72000000,buy,2022-05-14 13:42:38.971312+00:00
2022-05-14T13:42:38.971312Z,5586631,0.20100000,4956.45000000,buy,2022-05-14 13:42:38.971312+00:00
2022-05-14T13:42:38.971312Z,5586630,0.20100000,1621.68000000,buy,2022-05-14 13:42:38.971312+00:00
2022-05-14T13:42:38.971312Z,5586629,0.20200000,2000.00000000,buy,2022-05-14 13:42:38.971312+00:00
2022-05-14T13:42:24.807068Z,5586628,0.20200000,2.07000000,buy,2022-05-14 13:42:24.807068+00:00
2022-05-14T13:40:50.441476Z,5586627,0.20200000,8.58000000,buy,2022-05-14 13:40:50.441476+00:00
2022-05-14T13:40:35.41125Z,5586626,0.20200000,1213.39000000,sell,2022-05-14 13:40:35.411250+00:00
2022-05-14T13:39:51.193995Z,5586625,0.20200000,2000.00000000,buy,2022-05-14 13:39:51.193995+00:00
2022-05-14T13:39:51.193995Z,5586624,0.20200000,2.20000000,buy,2022-05-14 13:39:51.193995+00:00
2022-05-14T13:39:03.40477Z,5586623,0.20300000,2414.82000000,sell,2022-05-14 13:39:03.404770+00:00
2022-05-14T13:38:06.861162Z,5586622,0.20200000,86686.52000000,sell,2022-05-14 13:38:06.861162+00:00
2022-05-14T13:38:06.856901Z,5586621,0.20200000,2000.00000000,sell,2022-05-14 13:38:06.856901+00:00
2022-05-14T13:38:06.840923Z,5586620,0.20200000,2468.03000000,buy,2022-05-14 13:38:06.840923+00:00
2022-05-14T13:38:06.840923Z,5586619,0.20200000,800.00000000,buy,2022-05-14 13:38:06.840923+00:00
2022-05-14T13:38:06.840923Z,5586618,0.20200000,8858.42000000,buy,2022-05-14 13:38:06.840923+00:00
2022-05-14T13:38:06.840923Z,5586617,0.20200000,7000.00000000,buy,2022-05-14 13:38:06.840923+00:00
2022-05-14T13:38:06.840923Z,5586616,0.20200000,1662.84000000,buy,2022-05-14 13:38:06.840923+00:00
