time,trade_id,price,size,side,date
2022-05-15T21:12:14.853904Z,18652484,0.19890000,664.00000000,sell,2022-05-15 21:12:14.853904+00:00
2022-05-15T21:12:14.853904Z,18652483,0.19890000,912.00000000,sell,2022-05-15 21:12:14.853904+00:00
2022-05-15T21:11:57.463534Z,18652482,0.19900000,5.00000000,sell,2022-05-15 21:11:57.463534+00:00
2022-05-15T21:11:54.006912Z,18652481,0.19900000,1952.10000000,sell,2022-05-15 21:11:54.006912+00:00
2022-05-15T21:11:54.006912Z,18652480,0.19900000,17.60000000,sell,2022-05-15 21:11:54.006912+00:00
2022-05-15T21:11:53.256085Z,18652479,0.19900000,894.40000000,sell,2022-05-15 21:11:53.256085+00:00
2022-05-15T21:11:45.51282Z,18652478,0.19910000,593.50000000,sell,2022-05-15 21:11:45.512820+00:00
2022-05-15T21:11:45.51282Z,18652477,0.19910000,883.00000000,sell,2022-05-15 21:11:45.512820+00:00
2022-05-15T21:11:41.425483Z,18652476,0.19910000,20.00000000,sell,2022-05-15 21:11:41.425483+00:00
2022-05-15T21:11:38.910824Z,18652475,0.19890000,38.30000000,buy,2022-05-15 21:11:38.910824+00:00
2022-05-15T21:11:35.911049Z,18652474,0.19910000,9.00000000,sell,2022-05-15 21:11:35.911049+00:00
2022-05-15T21:11:35.911049Z,18652473,0.19910000,3.00000000,sell,2022-05-15 21:11:35.911049+00:00
2022-05-15T21:11:27.538539Z,18652472,0.19890000,170.10000000,buy,2022-05-15 21:11:27.538539+00:00
2022-05-15T21:11:26.500698Z,18652471,0.19900000,0.50000000,buy,2022-05-15 21:11:26.500698+00:00
2022-05-15T21:11:26.492305Z,18652470,0.19900000,662.00000000,buy,2022-05-15 21:11:26.492305+00:00
2022-05-15T21:11:20.985558Z,18652469,0.19890000,239.90000000,sell,2022-05-15 21:11:20.985558+00:00
2022-05-15T21:11:18.812885Z,18652468,0.19880000,652.00000000,buy,2022-05-15 21:11:18.812885+00:00
2022-05-15T21:11:15.292478Z,18652467,0.19880000,1.10000000,buy,2022-05-15 21:11:15.292478+00:00
2022-05-15T21:11:10.434692Z,18652466,0.19900000,494.90000000,sell,2022-05-15 21:11:10.434692+00:00
2022-05-15T21:11:10.414665Z,18652465,0.19900000,227.00000000,sell,2022-05-15 21:11:10.414665+00:00
2022-05-15T21:11:10.308193Z,18652464,0.19900000,681.50000000,sell,2022-05-15 21:11:10.308193+00:00
2022-05-15T21:11:09.183803Z,18652463,0.19900000,2.70000000,buy,2022-05-15 21:11:09.183803+00:00
2022-05-15T21:11:02.865581Z,18652462,0.19910000,239.80000000,sell,2022-05-15 21:11:02.865581+00:00
2022-05-15T21:10:55.548526Z,18652461,0.19910000,3.80000000,sell,2022-05-15 21:10:55.548526+00:00
2022-05-15T21:10:54.00362Z,18652460,0.19910000,117.40000000,sell,2022-05-15 21:10:54.003620+00:00
2022-05-15T21:10:53.018774Z,18652459,0.19900000,593.60000000,buy,2022-05-15 21:10:53.018774+00:00
2022-05-15T21:10:53.018774Z,18652458,0.19900000,912.00000000,buy,2022-05-15 21:10:53.018774+00:00
2022-05-15T21:10:51.454245Z,18652457,0.19920000,284.80000000,sell,2022-05-15 21:10:51.454245+00:00
2022-05-15T21:10:51.371926Z,18652456,0.19910000,126.20000000,buy,2022-05-15 21:10:51.371926+00:00
2022-05-15T21:10:41.247661Z,18652455,0.19910000,912.00000000,buy,2022-05-15 21:10:41.247661+00:00
2022-05-15T21:10:41.191941Z,18652454,0.19910000,0.40000000,buy,2022-05-15 21:10:41.191941+00:00
2022-05-15T21:10:41.189263Z,18652453,0.19910000,611.00000000,buy,2022-05-15 21:10:41.189263+00:00
2022-05-15T21:10:41.171748Z,18652452,0.19910000,300.60000000,buy,2022-05-15 21:10:41.171748+00:00
2022-05-15T21:10:41.118471Z,18652451,0.19910000,912.00000000,buy,2022-05-15 21:10:41.118471+00:00
2022-05-15T21:10:28.29956Z,18652450,0.19920000,249.60000000,sell,2022-05-15 21:10:28.299560+00:00
2022-05-15T21:10:28.012001Z,18652449,0.19910000,1004.00000000,buy,2022-05-15 21:10:28.012001+00:00
2022-05-15T21:10:28.012001Z,18652448,0.19910000,1473.00000000,buy,2022-05-15 21:10:28.012001+00:00
2022-05-15T21:10:28.012001Z,18652447,0.19910000,912.00000000,buy,2022-05-15 21:10:28.012001+00:00
2022-05-15T21:10:28.012001Z,18652446,0.19910000,2229.50000000,buy,2022-05-15 21:10:28.012001+00:00
2022-05-15T21:10:27.414467Z,18652445,0.19920000,249.60000000,sell,2022-05-15 21:10:27.414467+00:00
2022-05-15T21:10:23.564156Z,18652444,0.19930000,690.00000000,sell,2022-05-15 21:10:23.564156+00:00
2022-05-15T21:10:23.564156Z,18652443,0.19930000,1980.00000000,sell,2022-05-15 21:10:23.564156+00:00
2022-05-15T21:10:23.564156Z,18652442,0.19930000,912.00000000,sell,2022-05-15 21:10:23.564156+00:00
2022-05-15T21:10:23.564156Z,18652441,0.19930000,1003.60000000,sell,2022-05-15 21:10:23.564156+00:00
2022-05-15T21:10:23.564156Z,18652440,0.19920000,1004.20000000,sell,2022-05-15 21:10:23.564156+00:00
2022-05-15T21:10:23.564156Z,18652439,0.19920000,635.90000000,sell,2022-05-15 21:10:23.564156+00:00
2022-05-15T21:10:23.564156Z,18652438,0.19920000,665.10000000,sell,2022-05-15 21:10:23.564156+00:00
2022-05-15T21:10:23.564156Z,18652437,0.19920000,375.90000000,sell,2022-05-15 21:10:23.564156+00:00
2022-05-15T21:10:22.67676Z,18652436,0.19910000,50.50000000,buy,2022-05-15 21:10:22.676760+00:00
2022-05-15T21:10:22.403831Z,18652435,0.19920000,239.70000000,sell,2022-05-15 21:10:22.403831+00:00
2022-05-15T21:10:22.250886Z,18652434,0.19920000,25.00000000,sell,2022-05-15 21:10:22.250886+00:00
2022-05-15T21:10:19.434216Z,18652433,0.19920000,401.80000000,sell,2022-05-15 21:10:19.434216+00:00
2022-05-15T21:10:02.16849Z,18652432,0.19920000,20.90000000,buy,2022-05-15 21:10:02.168490+00:00
2022-05-15T21:09:51.902541Z,18652431,0.19930000,24.80000000,sell,2022-05-15 21:09:51.902541+00:00
2022-05-15T21:09:50.550286Z,18652430,0.19920000,773.70000000,buy,2022-05-15 21:09:50.550286+00:00
2022-05-15T21:09:50.224719Z,18652429,0.19930000,45.00000000,sell,2022-05-15 21:09:50.224719+00:00
2022-05-15T21:09:43.258104Z,18652428,0.19930000,100.00000000,sell,2022-05-15 21:09:43.258104+00:00
2022-05-15T21:09:34.2994Z,18652427,0.19920000,15.60000000,buy,2022-05-15 21:09:34.299400+00:00
2022-05-15T21:09:32.006054Z,18652426,0.19940000,249.60000000,sell,2022-05-15 21:09:32.006054+00:00
2022-05-15T21:09:31.330269Z,18652425,0.19930000,1473.00000000,buy,2022-05-15 21:09:31.330269+00:00
2022-05-15T21:09:22.992344Z,18652424,0.19920000,650.30000000,sell,2022-05-15 21:09:22.992344+00:00
2022-05-15T21:09:22.992344Z,18652423,0.19920000,571.70000000,sell,2022-05-15 21:09:22.992344+00:00
2022-05-15T21:09:21.8875Z,18652422,0.19920000,117.50000000,sell,2022-05-15 21:09:21.887500+00:00
2022-05-15T21:09:17.858232Z,18652421,0.19930000,166.30000000,sell,2022-05-15 21:09:17.858232+00:00
2022-05-15T21:09:13.57064Z,18652420,0.19930000,487.20000000,buy,2022-05-15 21:09:13.570640+00:00
2022-05-15T21:09:13.113853Z,18652419,0.19930000,912.00000000,sell,2022-05-15 21:09:13.113853+00:00
2022-05-15T21:09:13.098733Z,18652418,0.19930000,2280.00000000,sell,2022-05-15 21:09:13.098733+00:00
2022-05-15T21:09:13.078709Z,18652417,0.19930000,912.00000000,sell,2022-05-15 21:09:13.078709+00:00
2022-05-15T21:09:13.039805Z,18652416,0.19920000,150.20000000,buy,2022-05-15 21:09:13.039805+00:00
2022-05-15T21:09:13.039805Z,18652415,0.19920000,912.00000000,buy,2022-05-15 21:09:13.039805+00:00
2022-05-15T21:09:13.039805Z,18652414,0.19920000,1473.00000000,buy,2022-05-15 21:09:13.039805+00:00
2022-05-15T21:09:13.039805Z,18652413,0.19920000,623.00000000,buy,2022-05-15 21:09:13.039805+00:00
2022-05-15T21:09:12.996999Z,18652412,0.19940000,1754.80000000,sell,2022-05-15 21:09:12.996999+00:00
2022-05-15T21:09:12.992591Z,18652411,0.19940000,691.90000000,sell,2022-05-15 21:09:12.992591+00:00
2022-05-15T21:09:12.984972Z,18652410,0.19940000,1669.40000000,sell,2022-05-15 21:09:12.984972+00:00
2022-05-15T21:09:12.984972Z,18652409,0.19940000,912.00000000,sell,2022-05-15 21:09:12.984972+00:00
2022-05-15T21:09:12.955551Z,18652408,0.19930000,1980.00000000,sell,2022-05-15 21:09:12.955551+00:00
2022-05-15T21:09:12.955551Z,18652407,0.19930000,2280.00000000,sell,2022-05-15 21:09:12.955551+00:00
2022-05-15T21:09:12.955551Z,18652406,0.19930000,2744.90000000,sell,2022-05-15 21:09:12.955551+00:00
2022-05-15T21:09:12.955551Z,18652405,0.19930000,5091.20000000,sell,2022-05-15 21:09:12.955551+00:00
2022-05-15T21:09:12.952523Z,18652404,0.19930000,1393.50000000,sell,2022-05-15 21:09:12.952523+00:00
2022-05-15T21:09:12.940506Z,18652403,0.19930000,5515.30000000,sell,2022-05-15 21:09:12.940506+00:00
2022-05-15T21:09:12.940506Z,18652402,0.19930000,3768.40000000,sell,2022-05-15 21:09:12.940506+00:00
2022-05-15T21:09:12.940506Z,18652401,0.19930000,912.00000000,sell,2022-05-15 21:09:12.940506+00:00
2022-05-15T21:09:12.93609Z,18652400,0.19910000,912.00000000,buy,2022-05-15 21:09:12.936090+00:00
2022-05-15T21:09:12.93609Z,18652399,0.19910000,2280.00000000,buy,2022-05-15 21:09:12.936090+00:00
2022-05-15T21:09:12.93609Z,18652398,0.19910000,1473.00000000,buy,2022-05-15 21:09:12.936090+00:00
2022-05-15T21:09:12.93609Z,18652397,0.19920000,1473.00000000,buy,2022-05-15 21:09:12.936090+00:00
2022-05-15T21:09:12.904736Z,18652396,0.19920000,394.60000000,sell,2022-05-15 21:09:12.904736+00:00
2022-05-15T21:09:12.900807Z,18652395,0.19920000,1585.40000000,sell,2022-05-15 21:09:12.900807+00:00
2022-05-15T21:09:12.887909Z,18652394,0.19920000,910.40000000,sell,2022-05-15 21:09:12.887909+00:00
2022-05-15T21:09:12.887909Z,18652393,0.19920000,2280.00000000,sell,2022-05-15 21:09:12.887909+00:00
2022-05-15T21:09:12.887909Z,18652392,0.19920000,2744.90000000,sell,2022-05-15 21:09:12.887909+00:00
2022-05-15T21:09:12.887909Z,18652391,0.19920000,912.00000000,sell,2022-05-15 21:09:12.887909+00:00
2022-05-15T21:09:12.885201Z,18652390,0.19910000,628.10000000,sell,2022-05-15 21:09:12.885201+00:00
2022-05-15T21:09:12.877128Z,18652389,0.19910000,808.00000000,sell,2022-05-15 21:09:12.877128+00:00
2022-05-15T21:09:12.877128Z,18652388,0.19910000,2280.00000000,sell,2022-05-15 21:09:12.877128+00:00
2022-05-15T21:09:12.877128Z,18652387,0.19910000,912.00000000,sell,2022-05-15 21:09:12.877128+00:00
2022-05-15T21:09:12.575978Z,18652386,0.19900000,698.20000000,buy,2022-05-15 21:09:12.575978+00:00
2022-05-15T21:09:10.827716Z,18652385,0.19910000,328.50000000,buy,2022-05-15 21:09:10.827716+00:00
2022-05-15T21:09:10.796134Z,18652384,0.19910000,0.10000000,buy,2022-05-15 21:09:10.796134+00:00
2022-05-15T21:09:10.663151Z,18652383,0.19910000,309.10000000,buy,2022-05-15 21:09:10.663151+00:00
2022-05-15T21:09:10.628377Z,18652382,0.19910000,430.60000000,buy,2022-05-15 21:09:10.628377+00:00
2022-05-15T21:09:09.138927Z,18652381,0.19900000,21.40000000,buy,2022-05-15 21:09:09.138927+00:00
2022-05-15T21:09:02.372226Z,18652380,0.19900000,2280.00000000,sell,2022-05-15 21:09:02.372226+00:00
2022-05-15T21:09:02.372226Z,18652379,0.19900000,912.00000000,sell,2022-05-15 21:09:02.372226+00:00
2022-05-15T21:09:02.324171Z,18652378,0.19890000,0.30000000,sell,2022-05-15 21:09:02.324171+00:00
2022-05-15T21:09:02.319405Z,18652377,0.19890000,296.00000000,sell,2022-05-15 21:09:02.319405+00:00
2022-05-15T21:09:02.241192Z,18652376,0.19890000,912.00000000,sell,2022-05-15 21:09:02.241192+00:00
2022-05-15T21:09:00.632038Z,18652375,0.19880000,661.40000000,sell,2022-05-15 21:09:00.632038+00:00
2022-05-15T21:09:00.632038Z,18652374,0.19880000,912.00000000,sell,2022-05-15 21:09:00.632038+00:00
2022-05-15T21:08:59.24938Z,18652373,0.19870000,1006.30000000,sell,2022-05-15 21:08:59.249380+00:00
2022-05-15T21:08:59.24938Z,18652372,0.19870000,0.70000000,sell,2022-05-15 21:08:59.249380+00:00
2022-05-15T21:08:59.228636Z,18652371,0.19870000,616.00000000,sell,2022-05-15 21:08:59.228636+00:00
2022-05-15T21:08:59.183306Z,18652370,0.19870000,2754.00000000,buy,2022-05-15 21:08:59.183306+00:00
2022-05-15T21:08:59.055214Z,18652369,0.19890000,0.70000000,buy,2022-05-15 21:08:59.055214+00:00
2022-05-15T21:08:59.049075Z,18652368,0.19890000,11316.00000000,buy,2022-05-15 21:08:59.049075+00:00
2022-05-15T21:08:59.03293Z,18652367,0.19890000,22114.00000000,buy,2022-05-15 21:08:59.032930+00:00
2022-05-15T21:08:59.028974Z,18652366,0.19890000,4000.00000000,buy,2022-05-15 21:08:59.028974+00:00
2022-05-15T21:08:58.130059Z,18652365,0.19890000,609.60000000,buy,2022-05-15 21:08:58.130059+00:00
2022-05-15T21:08:57.443746Z,18652364,0.19890000,3.00000000,buy,2022-05-15 21:08:57.443746+00:00
2022-05-15T21:08:57.209117Z,18652363,0.19900000,239.80000000,sell,2022-05-15 21:08:57.209117+00:00
2022-05-15T21:08:50.091681Z,18652362,0.19890000,250.90000000,buy,2022-05-15 21:08:50.091681+00:00
2022-05-15T21:08:48.248188Z,18652361,0.19910000,7.20000000,sell,2022-05-15 21:08:48.248188+00:00
2022-05-15T21:08:38.767273Z,18652360,0.19920000,480.30000000,sell,2022-05-15 21:08:38.767273+00:00
2022-05-15T21:08:34.299066Z,18652359,0.19920000,117.50000000,sell,2022-05-15 21:08:34.299066+00:00
2022-05-15T21:08:28.148404Z,18652358,0.19910000,397.60000000,buy,2022-05-15 21:08:28.148404+00:00
2022-05-15T21:08:28.148404Z,18652357,0.19910000,703.40000000,buy,2022-05-15 21:08:28.148404+00:00
2022-05-15T21:08:24.195993Z,18652356,0.19910000,5.00000000,buy,2022-05-15 21:08:24.195993+00:00
2022-05-15T21:08:22.573286Z,18652355,0.19910000,812.00000000,sell,2022-05-15 21:08:22.573286+00:00
2022-05-15T21:08:22.017921Z,18652354,0.19910000,100.00000000,sell,2022-05-15 21:08:22.017921+00:00
2022-05-15T21:08:21.706105Z,18652353,0.19900000,1.90000000,buy,2022-05-15 21:08:21.706105+00:00
2022-05-15T21:08:21.618772Z,18652352,0.19900000,1081.60000000,sell,2022-05-15 21:08:21.618772+00:00
2022-05-15T21:08:21.541273Z,18652351,0.19900000,1198.40000000,sell,2022-05-15 21:08:21.541273+00:00
2022-05-15T21:08:21.430505Z,18652350,0.19900000,2280.00000000,sell,2022-05-15 21:08:21.430505+00:00
2022-05-15T21:08:21.300575Z,18652349,0.19900000,2280.00000000,sell,2022-05-15 21:08:21.300575+00:00
2022-05-15T21:08:21.273047Z,18652348,0.19900000,405.80000000,sell,2022-05-15 21:08:21.273047+00:00
2022-05-15T21:08:21.226137Z,18652347,0.19900000,326.20000000,sell,2022-05-15 21:08:21.226137+00:00
2022-05-15T21:08:21.208056Z,18652346,0.19900000,1548.00000000,sell,2022-05-15 21:08:21.208056+00:00
2022-05-15T21:08:21.208056Z,18652345,0.19900000,912.00000000,sell,2022-05-15 21:08:21.208056+00:00
2022-05-15T21:08:19.625099Z,18652344,0.19890000,2280.00000000,sell,2022-05-15 21:08:19.625099+00:00
2022-05-15T21:08:19.581176Z,18652343,0.19890000,2280.00000000,sell,2022-05-15 21:08:19.581176+00:00
2022-05-15T21:08:19.433321Z,18652342,0.19890000,2280.00000000,sell,2022-05-15 21:08:19.433321+00:00
2022-05-15T21:08:19.356706Z,18652341,0.19890000,2280.00000000,sell,2022-05-15 21:08:19.356706+00:00
2022-05-15T21:08:19.275256Z,18652340,0.19890000,308.00000000,sell,2022-05-15 21:08:19.275256+00:00
2022-05-15T21:08:19.259153Z,18652339,0.19890000,2280.00000000,sell,2022-05-15 21:08:19.259153+00:00
2022-05-15T21:08:19.013559Z,18652338,0.19890000,1005.20000000,buy,2022-05-15 21:08:19.013559+00:00
2022-05-15T21:08:18.978305Z,18652337,0.19890000,2280.00000000,sell,2022-05-15 21:08:18.978305+00:00
2022-05-15T21:08:18.978305Z,18652336,0.19890000,609.80000000,sell,2022-05-15 21:08:18.978305+00:00
2022-05-15T21:08:17.593726Z,18652335,0.19890000,1005.20000000,sell,2022-05-15 21:08:17.593726+00:00
2022-05-15T21:08:17.593726Z,18652334,0.19890000,1433.80000000,sell,2022-05-15 21:08:17.593726+00:00
2022-05-15T21:08:17.276985Z,18652333,0.19890000,366.20000000,sell,2022-05-15 21:08:17.276985+00:00
2022-05-15T21:08:17.276985Z,18652332,0.19890000,1473.00000000,sell,2022-05-15 21:08:17.276985+00:00
2022-05-15T21:08:17.276985Z,18652331,0.19890000,912.00000000,sell,2022-05-15 21:08:17.276985+00:00
2022-05-15T21:08:16.635761Z,18652330,0.19900000,3761.10000000,buy,2022-05-15 21:08:16.635761+00:00
2022-05-15T21:08:16.635761Z,18652329,0.19900000,17084.60000000,buy,2022-05-15 21:08:16.635761+00:00
2022-05-15T21:08:16.627774Z,18652328,0.19900000,4000.00000000,buy,2022-05-15 21:08:16.627774+00:00
2022-05-15T21:08:16.624656Z,18652327,0.19900000,2677.00000000,buy,2022-05-15 21:08:16.624656+00:00
2022-05-15T21:08:16.613206Z,18652326,0.19900000,868.70000000,buy,2022-05-15 21:08:16.613206+00:00
2022-05-15T21:08:16.607489Z,18652325,0.19900000,13410.00000000,buy,2022-05-15 21:08:16.607489+00:00
2022-05-15T21:08:16.607489Z,18652324,0.19900000,590.00000000,buy,2022-05-15 21:08:16.607489+00:00
2022-05-15T21:08:14.925277Z,18652323,0.19910000,315.00000000,buy,2022-05-15 21:08:14.925277+00:00
2022-05-15T21:08:14.833924Z,18652322,0.19910000,3701.80000000,buy,2022-05-15 21:08:14.833924+00:00
2022-05-15T21:08:14.786712Z,18652321,0.19910000,0.80000000,buy,2022-05-15 21:08:14.786712+00:00
2022-05-15T21:08:14.776094Z,18652320,0.19910000,3701.00000000,buy,2022-05-15 21:08:14.776094+00:00
2022-05-15T21:08:13.43795Z,18652319,0.19910000,57.80000000,buy,2022-05-15 21:08:13.437950+00:00
2022-05-15T21:08:09.083723Z,18652318,0.19920000,90.00000000,sell,2022-05-15 21:08:09.083723+00:00
2022-05-15T21:08:09.083723Z,18652317,0.19920000,1500.00000000,sell,2022-05-15 21:08:09.083723+00:00
2022-05-15T21:08:09.083723Z,18652316,0.19920000,912.00000000,sell,2022-05-15 21:08:09.083723+00:00
2022-05-15T21:08:09.083723Z,18652315,0.19920000,121.30000000,sell,2022-05-15 21:08:09.083723+00:00
2022-05-15T21:08:09.083723Z,18652314,0.19920000,112.70000000,sell,2022-05-15 21:08:09.083723+00:00
2022-05-15T21:08:00.535834Z,18652313,0.19920000,282.20000000,buy,2022-05-15 21:08:00.535834+00:00
2022-05-15T21:08:00.25801Z,18652312,0.19930000,1013.00000000,sell,2022-05-15 21:08:00.258010+00:00
2022-05-15T21:08:00.25801Z,18652311,0.19930000,190.10000000,sell,2022-05-15 21:08:00.258010+00:00
2022-05-15T21:07:57.614544Z,18652310,0.19930000,3.60000000,sell,2022-05-15 21:07:57.614544+00:00
2022-05-15T21:07:57.375611Z,18652309,0.19920000,151.20000000,buy,2022-05-15 21:07:57.375611+00:00
2022-05-15T21:07:54.071862Z,18652308,0.19930000,3758.00000000,buy,2022-05-15 21:07:54.071862+00:00
2022-05-15T21:07:51.959961Z,18652307,0.19930000,21.90000000,buy,2022-05-15 21:07:51.959961+00:00
2022-05-15T21:07:48.857084Z,18652306,0.19940000,1599.10000000,sell,2022-05-15 21:07:48.857084+00:00
2022-05-15T21:07:48.857084Z,18652305,0.19940000,523.90000000,sell,2022-05-15 21:07:48.857084+00:00
2022-05-15T21:07:42.440062Z,18652304,0.19950000,663.30000000,buy,2022-05-15 21:07:42.440062+00:00
2022-05-15T21:07:42.440062Z,18652303,0.19950000,1002.20000000,buy,2022-05-15 21:07:42.440062+00:00
2022-05-15T21:07:42.440062Z,18652302,0.19950000,1473.00000000,buy,2022-05-15 21:07:42.440062+00:00
2022-05-15T21:07:42.440062Z,18652301,0.19950000,912.00000000,buy,2022-05-15 21:07:42.440062+00:00
2022-05-15T21:07:42.440062Z,18652300,0.19950000,675.20000000,buy,2022-05-15 21:07:42.440062+00:00
2022-05-15T21:07:38.341535Z,18652299,0.19930000,276.00000000,sell,2022-05-15 21:07:38.341535+00:00
2022-05-15T21:07:38.057228Z,18652298,0.19930000,239.70000000,sell,2022-05-15 21:07:38.057228+00:00
2022-05-15T21:07:32.815471Z,18652297,0.19920000,615.10000000,sell,2022-05-15 21:07:32.815471+00:00
2022-05-15T21:07:32.815471Z,18652296,0.19920000,617.50000000,sell,2022-05-15 21:07:32.815471+00:00
2022-05-15T21:07:32.815471Z,18652295,0.19920000,300.40000000,sell,2022-05-15 21:07:32.815471+00:00
2022-05-15T21:07:32.520838Z,18652294,0.19920000,383.20000000,sell,2022-05-15 21:07:32.520838+00:00
2022-05-15T21:07:30.181865Z,18652293,0.19910000,62.90000000,buy,2022-05-15 21:07:30.181865+00:00
2022-05-15T21:07:28.705055Z,18652292,0.19920000,25.80000000,buy,2022-05-15 21:07:28.705055+00:00
2022-05-15T21:07:28.553296Z,18652291,0.19930000,164.80000000,sell,2022-05-15 21:07:28.553296+00:00
2022-05-15T21:07:19.801045Z,18652290,0.19930000,456.00000000,sell,2022-05-15 21:07:19.801045+00:00
2022-05-15T21:07:18.074304Z,18652289,0.19940000,253.90000000,sell,2022-05-15 21:07:18.074304+00:00
2022-05-15T21:07:18.074304Z,18652288,0.19940000,620.20000000,sell,2022-05-15 21:07:18.074304+00:00
2022-05-15T21:07:18.074304Z,18652287,0.19940000,912.00000000,sell,2022-05-15 21:07:18.074304+00:00
2022-05-15T21:07:18.074304Z,18652286,0.19940000,715.10000000,sell,2022-05-15 21:07:18.074304+00:00
2022-05-15T21:07:00.467587Z,18652285,0.19950000,92.30000000,sell,2022-05-15 21:07:00.467587+00:00
2022-05-15T21:06:54.476347Z,18652284,0.19940000,499.50000000,buy,2022-05-15 21:06:54.476347+00:00
2022-05-15T21:06:54.476347Z,18652283,0.19940000,108.50000000,buy,2022-05-15 21:06:54.476347+00:00
2022-05-15T21:06:53.211946Z,18652282,0.19940000,644.00000000,sell,2022-05-15 21:06:53.211946+00:00
2022-05-15T21:06:52.168694Z,18652281,0.19940000,152.50000000,buy,2022-05-15 21:06:52.168694+00:00
2022-05-15T21:06:45.930663Z,18652280,0.19950000,626.00000000,sell,2022-05-15 21:06:45.930663+00:00
2022-05-15T21:06:44.233158Z,18652279,0.19950000,80.60000000,buy,2022-05-15 21:06:44.233158+00:00
2022-05-15T21:06:44.039177Z,18652278,0.19970000,555.00000000,buy,2022-05-15 21:06:44.039177+00:00
2022-05-15T21:06:43.42099Z,18652277,0.19980000,416.50000000,buy,2022-05-15 21:06:43.420990+00:00
2022-05-15T21:06:43.361903Z,18652276,0.19980000,127.70000000,buy,2022-05-15 21:06:43.361903+00:00
2022-05-15T21:06:43.313099Z,18652275,0.19980000,144.40000000,buy,2022-05-15 21:06:43.313099+00:00
2022-05-15T21:06:43.265511Z,18652274,0.19980000,718.30000000,buy,2022-05-15 21:06:43.265511+00:00
2022-05-15T21:06:42.114685Z,18652273,0.19990000,0.40000000,buy,2022-05-15 21:06:42.114685+00:00
2022-05-15T21:06:41.258064Z,18652272,0.19990000,295.00000000,buy,2022-05-15 21:06:41.258064+00:00
2022-05-15T21:06:41.258064Z,18652271,0.19990000,912.00000000,buy,2022-05-15 21:06:41.258064+00:00
2022-05-15T21:06:40.985638Z,18652270,0.19990000,912.00000000,buy,2022-05-15 21:06:40.985638+00:00
2022-05-15T21:06:40.985638Z,18652269,0.19990000,1000.50000000,buy,2022-05-15 21:06:40.985638+00:00
2022-05-15T21:06:40.985638Z,18652268,0.19990000,391.50000000,buy,2022-05-15 21:06:40.985638+00:00
2022-05-15T21:06:40.985638Z,18652267,0.19990000,609.60000000,buy,2022-05-15 21:06:40.985638+00:00
2022-05-15T21:06:40.876881Z,18652266,0.19990000,912.00000000,buy,2022-05-15 21:06:40.876881+00:00
2022-05-15T21:06:40.73463Z,18652265,0.19990000,544.10000000,sell,2022-05-15 21:06:40.734630+00:00
2022-05-15T21:06:40.73463Z,18652264,0.19990000,3.10000000,sell,2022-05-15 21:06:40.734630+00:00
2022-05-15T21:06:39.209786Z,18652263,0.19980000,144.80000000,sell,2022-05-15 21:06:39.209786+00:00
2022-05-15T21:06:33.498001Z,18652262,0.19960000,122.20000000,sell,2022-05-15 21:06:33.498001+00:00
2022-05-15T21:06:27.36193Z,18652261,0.19950000,644.70000000,sell,2022-05-15 21:06:27.361930+00:00
2022-05-15T21:06:27.36193Z,18652260,0.19950000,707.20000000,sell,2022-05-15 21:06:27.361930+00:00
2022-05-15T21:06:27.36193Z,18652259,0.19950000,406.10000000,sell,2022-05-15 21:06:27.361930+00:00
2022-05-15T21:06:26.364058Z,18652258,0.19950000,239.50000000,sell,2022-05-15 21:06:26.364058+00:00
2022-05-15T21:06:21.424289Z,18652257,0.19960000,298.60000000,buy,2022-05-15 21:06:21.424289+00:00
2022-05-15T21:06:21.424289Z,18652256,0.19960000,666.40000000,buy,2022-05-15 21:06:21.424289+00:00
2022-05-15T21:06:21.424289Z,18652255,0.19960000,912.00000000,buy,2022-05-15 21:06:21.424289+00:00
2022-05-15T21:06:20.541574Z,18652254,0.19970000,2871.10000000,sell,2022-05-15 21:06:20.541574+00:00
2022-05-15T21:06:20.541574Z,18652253,0.19970000,1473.00000000,sell,2022-05-15 21:06:20.541574+00:00
2022-05-15T21:06:20.541574Z,18652252,0.19970000,912.00000000,sell,2022-05-15 21:06:20.541574+00:00
2022-05-15T21:06:20.541574Z,18652251,0.19960000,912.00000000,sell,2022-05-15 21:06:20.541574+00:00
2022-05-15T21:06:20.541574Z,18652250,0.19960000,1002.30000000,sell,2022-05-15 21:06:20.541574+00:00
2022-05-15T21:06:20.541574Z,18652249,0.19960000,653.80000000,sell,2022-05-15 21:06:20.541574+00:00
2022-05-15T21:06:20.541574Z,18652248,0.19960000,620.60000000,sell,2022-05-15 21:06:20.541574+00:00
2022-05-15T21:06:20.541574Z,18652247,0.19960000,1002.00000000,sell,2022-05-15 21:06:20.541574+00:00
2022-05-15T21:06:20.541574Z,18652246,0.19960000,523.00000000,sell,2022-05-15 21:06:20.541574+00:00
2022-05-15T21:06:19.190979Z,18652245,0.19960000,55.10000000,sell,2022-05-15 21:06:19.190979+00:00
2022-05-15T21:06:17.366314Z,18652244,0.19950000,912.00000000,buy,2022-05-15 21:06:17.366314+00:00
2022-05-15T21:06:17.366314Z,18652243,0.19950000,404.00000000,buy,2022-05-15 21:06:17.366314+00:00
2022-05-15T21:06:17.366314Z,18652242,0.19950000,344.80000000,buy,2022-05-15 21:06:17.366314+00:00
2022-05-15T21:06:14.99022Z,18652241,0.19950000,1106.30000000,sell,2022-05-15 21:06:14.990220+00:00
2022-05-15T21:06:13.716148Z,18652240,0.19950000,664.70000000,buy,2022-05-15 21:06:13.716148+00:00
2022-05-15T21:06:13.716148Z,18652239,0.19950000,647.90000000,buy,2022-05-15 21:06:13.716148+00:00
2022-05-15T21:06:10.899906Z,18652238,0.19960000,382.10000000,sell,2022-05-15 21:06:10.899906+00:00
2022-05-15T21:06:10.899906Z,18652237,0.19950000,617.90000000,sell,2022-05-15 21:06:10.899906+00:00
2022-05-15T21:06:07.154955Z,18652236,0.19950000,92.40000000,sell,2022-05-15 21:06:07.154955+00:00
2022-05-15T21:06:05.29653Z,18652235,0.19930000,0.80000000,sell,2022-05-15 21:06:05.296530+00:00
2022-05-15T21:06:05.250746Z,18652234,0.19930000,10857.00000000,sell,2022-05-15 21:06:05.250746+00:00
2022-05-15T21:06:04.575654Z,18652233,0.19930000,500.00000000,buy,2022-05-15 21:06:04.575654+00:00
2022-05-15T21:06:04.575654Z,18652232,0.19930000,642.20000000,buy,2022-05-15 21:06:04.575654+00:00
2022-05-15T21:05:59.966388Z,18652231,0.19940000,145.40000000,sell,2022-05-15 21:05:59.966388+00:00
2022-05-15T21:05:59.14098Z,18652230,0.19940000,46.80000000,sell,2022-05-15 21:05:59.140980+00:00
2022-05-15T21:05:56.589355Z,18652229,0.19930000,643.30000000,buy,2022-05-15 21:05:56.589355+00:00
2022-05-15T21:05:54.188363Z,18652228,0.19940000,122.00000000,sell,2022-05-15 21:05:54.188363+00:00
2022-05-15T21:05:53.647555Z,18652227,0.19940000,482.50000000,buy,2022-05-15 21:05:53.647555+00:00
2022-05-15T21:05:43.699248Z,18652226,0.19940000,417.00000000,buy,2022-05-15 21:05:43.699248+00:00
2022-05-15T21:05:43.217449Z,18652225,0.19940000,24.90000000,buy,2022-05-15 21:05:43.217449+00:00
2022-05-15T21:05:42.306271Z,18652224,0.19940000,170.80000000,sell,2022-05-15 21:05:42.306271+00:00
2022-05-15T21:05:42.306271Z,18652223,0.19940000,0.20000000,sell,2022-05-15 21:05:42.306271+00:00
2022-05-15T21:05:40.91255Z,18652222,0.19940000,632.00000000,sell,2022-05-15 21:05:40.912550+00:00
2022-05-15T21:05:39.144368Z,18652221,0.19940000,5.00000000,sell,2022-05-15 21:05:39.144368+00:00
2022-05-15T21:05:36.526661Z,18652220,0.19930000,339.20000000,buy,2022-05-15 21:05:36.526661+00:00
2022-05-15T21:05:33.265051Z,18652219,0.19930000,250.70000000,buy,2022-05-15 21:05:33.265051+00:00
2022-05-15T21:05:31.690219Z,18652218,0.19930000,74.10000000,buy,2022-05-15 21:05:31.690219+00:00
2022-05-15T21:05:30.060168Z,18652217,0.19940000,666.20000000,buy,2022-05-15 21:05:30.060168+00:00
2022-05-15T21:05:30.060168Z,18652216,0.19940000,500.00000000,buy,2022-05-15 21:05:30.060168+00:00
2022-05-15T21:05:30.060168Z,18652215,0.19940000,718.10000000,buy,2022-05-15 21:05:30.060168+00:00
2022-05-15T21:05:28.722313Z,18652214,0.19950000,455.00000000,sell,2022-05-15 21:05:28.722313+00:00
2022-05-15T21:05:28.722313Z,18652213,0.19950000,343.80000000,sell,2022-05-15 21:05:28.722313+00:00
2022-05-15T21:05:28.722313Z,18652212,0.19950000,912.00000000,sell,2022-05-15 21:05:28.722313+00:00
2022-05-15T21:05:28.722313Z,18652211,0.19950000,110.80000000,sell,2022-05-15 21:05:28.722313+00:00
2022-05-15T21:05:28.722313Z,18652210,0.19950000,670.90000000,sell,2022-05-15 21:05:28.722313+00:00
2022-05-15T21:05:19.941877Z,18652209,0.19940000,2.50000000,buy,2022-05-15 21:05:19.941877+00:00
2022-05-15T21:05:13.750711Z,18652208,0.19950000,18.40000000,sell,2022-05-15 21:05:13.750711+00:00
2022-05-15T21:05:10.761918Z,18652207,0.19940000,379.00000000,sell,2022-05-15 21:05:10.761918+00:00
2022-05-15T21:05:07.716935Z,18652206,0.19950000,229.20000000,buy,2022-05-15 21:05:07.716935+00:00
2022-05-15T21:05:07.063866Z,18652205,0.19960000,104.60000000,sell,2022-05-15 21:05:07.063866+00:00
2022-05-15T21:05:07.063866Z,18652204,0.19960000,426.40000000,sell,2022-05-15 21:05:07.063866+00:00
2022-05-15T21:05:03.754991Z,18652203,0.19950000,501.60000000,buy,2022-05-15 21:05:03.754991+00:00
2022-05-15T21:05:03.65474Z,18652202,0.19960000,199.60000000,sell,2022-05-15 21:05:03.654740+00:00
2022-05-15T21:05:02.361977Z,18652201,0.19960000,950.00000000,sell,2022-05-15 21:05:02.361977+00:00
2022-05-15T21:05:02.361977Z,18652200,0.19960000,1002.30000000,sell,2022-05-15 21:05:02.361977+00:00
2022-05-15T21:05:02.361977Z,18652199,0.19960000,1980.00000000,sell,2022-05-15 21:05:02.361977+00:00
2022-05-15T21:05:02.361977Z,18652198,0.19960000,912.00000000,sell,2022-05-15 21:05:02.361977+00:00
2022-05-15T21:05:02.361977Z,18652197,0.19960000,1.90000000,sell,2022-05-15 21:05:02.361977+00:00
2022-05-15T21:05:02.361977Z,18652196,0.19960000,562.40000000,sell,2022-05-15 21:05:02.361977+00:00
2022-05-15T21:05:02.361977Z,18652195,0.19950000,605.40000000,sell,2022-05-15 21:05:02.361977+00:00
2022-05-15T21:05:02.0066Z,18652194,0.19940000,109.50000000,buy,2022-05-15 21:05:02.006600+00:00
2022-05-15T21:05:01.955408Z,18652193,0.19950000,12.20000000,sell,2022-05-15 21:05:01.955408+00:00
2022-05-15T21:05:00.766048Z,18652192,0.19950000,672.00000000,buy,2022-05-15 21:05:00.766048+00:00
2022-05-15T21:04:54.542395Z,18652191,0.19940000,7.00000000,buy,2022-05-15 21:04:54.542395+00:00
2022-05-15T21:04:54.34501Z,18652190,0.19960000,4.90000000,sell,2022-05-15 21:04:54.345010+00:00
2022-05-15T21:04:53.138172Z,18652189,0.19960000,98.20000000,sell,2022-05-15 21:04:53.138172+00:00
2022-05-15T21:04:52.609227Z,18652188,0.19950000,122.80000000,sell,2022-05-15 21:04:52.609227+00:00
2022-05-15T21:04:52.609227Z,18652187,0.19950000,71.20000000,sell,2022-05-15 21:04:52.609227+00:00
2022-05-15T21:04:51.930177Z,18652186,0.19950000,316.50000000,sell,2022-05-15 21:04:51.930177+00:00
2022-05-15T21:04:51.930177Z,18652185,0.19950000,665.60000000,sell,2022-05-15 21:04:51.930177+00:00
2022-05-15T21:04:48.201325Z,18652184,0.19960000,1545.00000000,sell,2022-05-15 21:04:48.201325+00:00
2022-05-15T21:04:48.201325Z,18652183,0.19950000,304.60000000,sell,2022-05-15 21:04:48.201325+00:00
2022-05-15T21:04:48.201325Z,18652182,0.19950000,1002.60000000,sell,2022-05-15 21:04:48.201325+00:00
2022-05-15T21:04:48.201325Z,18652181,0.19950000,615.90000000,sell,2022-05-15 21:04:48.201325+00:00
2022-05-15T21:04:48.201325Z,18652180,0.19950000,707.00000000,sell,2022-05-15 21:04:48.201325+00:00
2022-05-15T21:04:39.293698Z,18652179,0.19950000,112.70000000,buy,2022-05-15 21:04:39.293698+00:00
2022-05-15T21:04:38.231183Z,18652178,0.19950000,2280.00000000,buy,2022-05-15 21:04:38.231183+00:00
2022-05-15T21:04:38.231183Z,18652177,0.19950000,693.20000000,buy,2022-05-15 21:04:38.231183+00:00
2022-05-15T21:04:38.231183Z,18652176,0.19950000,654.40000000,buy,2022-05-15 21:04:38.231183+00:00
2022-05-15T21:04:35.031894Z,18652175,0.19950000,135.50000000,sell,2022-05-15 21:04:35.031894+00:00
2022-05-15T21:04:35.031894Z,18652174,0.19950000,614.50000000,sell,2022-05-15 21:04:35.031894+00:00
2022-05-15T21:04:32.215405Z,18652173,0.19960000,113.00000000,sell,2022-05-15 21:04:32.215405+00:00
2022-05-15T21:04:32.215405Z,18652172,0.19950000,126.50000000,sell,2022-05-15 21:04:32.215405+00:00
2022-05-15T21:04:30.000662Z,18652171,0.19960000,84.60000000,sell,2022-05-15 21:04:30.000662+00:00
2022-05-15T21:04:28.655732Z,18652170,0.19950000,479.80000000,sell,2022-05-15 21:04:28.655732+00:00
2022-05-15T21:04:27.346691Z,18652169,0.19940000,225.50000000,buy,2022-05-15 21:04:27.346691+00:00
2022-05-15T21:04:26.473306Z,18652168,0.19950000,724.20000000,buy,2022-05-15 21:04:26.473306+00:00
2022-05-15T21:04:26.473306Z,18652167,0.19950000,651.70000000,buy,2022-05-15 21:04:26.473306+00:00
2022-05-15T21:04:26.473306Z,18652166,0.19950000,2280.00000000,buy,2022-05-15 21:04:26.473306+00:00
2022-05-15T21:04:26.473306Z,18652165,0.19950000,912.00000000,buy,2022-05-15 21:04:26.473306+00:00
2022-05-15T21:04:26.473306Z,18652164,0.19950000,320.80000000,buy,2022-05-15 21:04:26.473306+00:00
2022-05-15T21:04:24.951255Z,18652163,0.19960000,20.00000000,sell,2022-05-15 21:04:24.951255+00:00
2022-05-15T21:04:23.847484Z,18652162,0.19960000,1284.00000000,sell,2022-05-15 21:04:23.847484+00:00
2022-05-15T21:04:23.847484Z,18652161,0.19950000,653.00000000,sell,2022-05-15 21:04:23.847484+00:00
2022-05-15T21:04:23.847484Z,18652160,0.19950000,109.30000000,sell,2022-05-15 21:04:23.847484+00:00
2022-05-15T21:04:23.847484Z,18652159,0.19950000,448.70000000,sell,2022-05-15 21:04:23.847484+00:00
2022-05-15T21:04:18.803608Z,18652158,0.19950000,1002.10000000,buy,2022-05-15 21:04:18.803608+00:00
2022-05-15T21:04:18.803608Z,18652157,0.19950000,2280.00000000,buy,2022-05-15 21:04:18.803608+00:00
2022-05-15T21:04:18.803608Z,18652156,0.19950000,912.00000000,buy,2022-05-15 21:04:18.803608+00:00
2022-05-15T21:04:17.722232Z,18652155,0.19950000,20.00000000,sell,2022-05-15 21:04:17.722232+00:00
2022-05-15T21:04:17.704528Z,18652154,0.19940000,514.30000000,sell,2022-05-15 21:04:17.704528+00:00
2022-05-15T21:04:17.673996Z,18652153,0.19960000,289.80000000,sell,2022-05-15 21:04:17.673996+00:00
2022-05-15T21:04:17.673996Z,18652152,0.19960000,1473.00000000,sell,2022-05-15 21:04:17.673996+00:00
2022-05-15T21:04:17.673996Z,18652151,0.19960000,912.00000000,sell,2022-05-15 21:04:17.673996+00:00
2022-05-15T21:04:17.673996Z,18652150,0.19960000,2280.00000000,sell,2022-05-15 21:04:17.673996+00:00
2022-05-15T21:04:17.673996Z,18652149,0.19950000,1473.00000000,sell,2022-05-15 21:04:17.673996+00:00
2022-05-15T21:04:17.673996Z,18652148,0.19950000,8137.40000000,sell,2022-05-15 21:04:17.673996+00:00
2022-05-15T21:04:17.673996Z,18652147,0.19950000,1980.00000000,sell,2022-05-15 21:04:17.673996+00:00
2022-05-15T21:04:17.673996Z,18652146,0.19950000,1980.00000000,sell,2022-05-15 21:04:17.673996+00:00
2022-05-15T21:04:17.673996Z,18652145,0.19950000,582.50000000,sell,2022-05-15 21:04:17.673996+00:00
2022-05-15T21:04:17.673996Z,18652144,0.19950000,1003.30000000,sell,2022-05-15 21:04:17.673996+00:00
2022-05-15T21:04:17.673996Z,18652143,0.19950000,2280.00000000,sell,2022-05-15 21:04:17.673996+00:00
2022-05-15T21:04:17.673996Z,18652142,0.19950000,912.00000000,sell,2022-05-15 21:04:17.673996+00:00
2022-05-15T21:04:17.673996Z,18652141,0.19940000,365.80000000,sell,2022-05-15 21:04:17.673996+00:00
2022-05-15T21:04:17.673996Z,18652140,0.19940000,614.40000000,sell,2022-05-15 21:04:17.673996+00:00
2022-05-15T21:04:17.395249Z,18652139,0.19930000,5.00000000,buy,2022-05-15 21:04:17.395249+00:00
2022-05-15T21:04:12.905661Z,18652138,0.19930000,261.00000000,buy,2022-05-15 21:04:12.905661+00:00
2022-05-15T21:04:10.224431Z,18652137,0.19940000,293.50000000,buy,2022-05-15 21:04:10.224431+00:00
2022-05-15T21:04:10.224431Z,18652136,0.19940000,145.10000000,buy,2022-05-15 21:04:10.224431+00:00
2022-05-15T21:04:09.341794Z,18652135,0.19940000,325.00000000,sell,2022-05-15 21:04:09.341794+00:00
2022-05-15T21:04:04.361666Z,18652134,0.19940000,672.60000000,buy,2022-05-15 21:04:04.361666+00:00
2022-05-15T21:04:04.361666Z,18652133,0.19940000,280.50000000,buy,2022-05-15 21:04:04.361666+00:00
2022-05-15T21:04:04.361666Z,18652132,0.19940000,911.80000000,buy,2022-05-15 21:04:04.361666+00:00
2022-05-15T21:04:03.831958Z,18652131,0.19940000,1003.30000000,sell,2022-05-15 21:04:03.831958+00:00
2022-05-15T21:04:03.831958Z,18652130,0.19940000,2280.00000000,sell,2022-05-15 21:04:03.831958+00:00
2022-05-15T21:04:03.831958Z,18652129,0.19940000,451.20000000,sell,2022-05-15 21:04:03.831958+00:00
2022-05-15T21:04:03.831958Z,18652128,0.19940000,692.20000000,sell,2022-05-15 21:04:03.831958+00:00
2022-05-15T21:04:03.831958Z,18652127,0.19940000,556.50000000,sell,2022-05-15 21:04:03.831958+00:00
2022-05-15T21:03:59.395248Z,18652126,0.19930000,348.00000000,buy,2022-05-15 21:03:59.395248+00:00
2022-05-15T21:03:59.054097Z,18652125,0.19940000,117.30000000,sell,2022-05-15 21:03:59.054097+00:00
2022-05-15T21:03:54.9155Z,18652124,0.19940000,661.90000000,buy,2022-05-15 21:03:54.915500+00:00
2022-05-15T21:03:54.9155Z,18652123,0.19940000,2280.00000000,buy,2022-05-15 21:03:54.915500+00:00
2022-05-15T21:03:54.9155Z,18652122,0.19940000,912.00000000,buy,2022-05-15 21:03:54.915500+00:00
2022-05-15T21:03:54.9155Z,18652121,0.19940000,332.70000000,buy,2022-05-15 21:03:54.915500+00:00
2022-05-15T21:03:53.765588Z,18652120,0.19950000,27.80000000,sell,2022-05-15 21:03:53.765588+00:00
2022-05-15T21:03:50.64118Z,18652119,0.19940000,634.50000000,buy,2022-05-15 21:03:50.641180+00:00
2022-05-15T21:03:50.64118Z,18652118,0.19940000,1002.60000000,buy,2022-05-15 21:03:50.641180+00:00
2022-05-15T21:03:50.64118Z,18652117,0.19940000,2280.00000000,buy,2022-05-15 21:03:50.641180+00:00
2022-05-15T21:03:50.64118Z,18652116,0.19940000,912.00000000,buy,2022-05-15 21:03:50.641180+00:00
2022-05-15T21:03:50.64118Z,18652115,0.19940000,323.20000000,buy,2022-05-15 21:03:50.641180+00:00
2022-05-15T21:03:49.277938Z,18652114,0.19940000,175.00000000,sell,2022-05-15 21:03:49.277938+00:00
2022-05-15T21:03:46.632481Z,18652113,0.19940000,438.30000000,buy,2022-05-15 21:03:46.632481+00:00
2022-05-15T21:03:45.256374Z,18652112,0.19950000,70.60000000,sell,2022-05-15 21:03:45.256374+00:00
2022-05-15T21:03:39.0328Z,18652111,0.19940000,672.40000000,buy,2022-05-15 21:03:39.032800+00:00
2022-05-15T21:03:39.0328Z,18652110,0.19940000,912.00000000,buy,2022-05-15 21:03:39.032800+00:00
2022-05-15T21:03:39.0328Z,18652109,0.19940000,618.50000000,buy,2022-05-15 21:03:39.032800+00:00
2022-05-15T21:03:38.812133Z,18652108,0.19950000,33.50000000,sell,2022-05-15 21:03:38.812133+00:00
2022-05-15T21:03:38.812133Z,18652107,0.19950000,11.50000000,sell,2022-05-15 21:03:38.812133+00:00
2022-05-15T21:03:36.826789Z,18652106,0.19940000,81.10000000,buy,2022-05-15 21:03:36.826789+00:00
2022-05-15T21:03:29.166936Z,18652105,0.19950000,121.80000000,sell,2022-05-15 21:03:29.166936+00:00
2022-05-15T21:03:29.166936Z,18652104,0.19950000,647.70000000,sell,2022-05-15 21:03:29.166936+00:00
2022-05-15T21:03:29.166936Z,18652103,0.19950000,476.10000000,sell,2022-05-15 21:03:29.166936+00:00
2022-05-15T21:03:25.360054Z,18652102,0.19950000,117.30000000,sell,2022-05-15 21:03:25.360054+00:00
2022-05-15T21:03:22.976056Z,18652101,0.19950000,1050.50000000,sell,2022-05-15 21:03:22.976056+00:00
2022-05-15T21:03:22.976056Z,18652100,0.19950000,422.20000000,sell,2022-05-15 21:03:22.976056+00:00
2022-05-15T21:03:19.176672Z,18652099,0.19950000,254.80000000,sell,2022-05-15 21:03:19.176672+00:00
2022-05-15T21:03:19.075709Z,18652098,0.19940000,653.90000000,sell,2022-05-15 21:03:19.075709+00:00
2022-05-15T21:03:19.075709Z,18652097,0.19940000,283.10000000,sell,2022-05-15 21:03:19.075709+00:00
2022-05-15T21:03:15.433748Z,18652096,0.19940000,396.00000000,sell,2022-05-15 21:03:15.433748+00:00
2022-05-15T21:03:06.627752Z,18652095,0.19950000,912.00000000,buy,2022-05-15 21:03:06.627752+00:00
2022-05-15T21:03:06.627752Z,18652094,0.19950000,590.20000000,buy,2022-05-15 21:03:06.627752+00:00
2022-05-15T21:03:06.627752Z,18652093,0.19950000,614.50000000,buy,2022-05-15 21:03:06.627752+00:00
2022-05-15T21:03:06.251078Z,18652092,0.19960000,270.10000000,sell,2022-05-15 21:03:06.251078+00:00
2022-05-15T21:03:06.251078Z,18652091,0.19960000,228.90000000,sell,2022-05-15 21:03:06.251078+00:00
2022-05-15T21:03:04.941243Z,18652090,0.19940000,629.90000000,sell,2022-05-15 21:03:04.941243+00:00
2022-05-15T21:03:04.941243Z,18652089,0.19940000,617.10000000,sell,2022-05-15 21:03:04.941243+00:00
2022-05-15T21:02:58.327106Z,18652088,0.19930000,611.00000000,buy,2022-05-15 21:02:58.327106+00:00
2022-05-15T21:02:57.326356Z,18652087,0.19940000,45.00000000,sell,2022-05-15 21:02:57.326356+00:00
2022-05-15T21:02:54.101332Z,18652086,0.19920000,253.90000000,buy,2022-05-15 21:02:54.101332+00:00
2022-05-15T21:02:54.101332Z,18652085,0.19930000,118.50000000,buy,2022-05-15 21:02:54.101332+00:00
2022-05-15T21:02:54.101332Z,18652084,0.19930000,646.60000000,buy,2022-05-15 21:02:54.101332+00:00
2022-05-15T21:02:47.377591Z,18652083,0.19930000,353.90000000,buy,2022-05-15 21:02:47.377591+00:00
2022-05-15T21:02:47.377591Z,18652082,0.19930000,642.50000000,buy,2022-05-15 21:02:47.377591+00:00
2022-05-15T21:02:47.377591Z,18652081,0.19930000,597.50000000,buy,2022-05-15 21:02:47.377591+00:00
2022-05-15T21:02:42.877255Z,18652080,0.19940000,597.80000000,sell,2022-05-15 21:02:42.877255+00:00
2022-05-15T21:02:42.877255Z,18652079,0.19940000,876.50000000,sell,2022-05-15 21:02:42.877255+00:00
2022-05-15T21:02:41.682616Z,18652078,0.19940000,20.00000000,sell,2022-05-15 21:02:41.682616+00:00
2022-05-15T21:02:40.42682Z,18652077,0.19940000,3.80000000,sell,2022-05-15 21:02:40.426820+00:00
2022-05-15T21:02:40.008828Z,18652076,0.19930000,412.50000000,sell,2022-05-15 21:02:40.008828+00:00
2022-05-15T21:02:39.133083Z,18652075,0.19920000,0.40000000,sell,2022-05-15 21:02:39.133083+00:00
2022-05-15T21:02:39.129524Z,18652074,0.19920000,719.00000000,sell,2022-05-15 21:02:39.129524+00:00
2022-05-15T21:02:39.112508Z,18652073,0.19920000,1003.50000000,buy,2022-05-15 21:02:39.112508+00:00
2022-05-15T21:02:39.112508Z,18652072,0.19920000,1600.00000000,buy,2022-05-15 21:02:39.112508+00:00
2022-05-15T21:02:39.112508Z,18652071,0.19920000,3761.10000000,buy,2022-05-15 21:02:39.112508+00:00
2022-05-15T21:02:39.112508Z,18652070,0.19920000,2280.00000000,buy,2022-05-15 21:02:39.112508+00:00
2022-05-15T21:02:39.112508Z,18652069,0.19920000,912.00000000,buy,2022-05-15 21:02:39.112508+00:00
2022-05-15T21:02:39.112508Z,18652068,0.19920000,1473.00000000,buy,2022-05-15 21:02:39.112508+00:00
2022-05-15T21:02:39.112508Z,18652067,0.19930000,251.00000000,buy,2022-05-15 21:02:39.112508+00:00
2022-05-15T21:02:38.677753Z,18652066,0.19940000,11.70000000,sell,2022-05-15 21:02:38.677753+00:00
2022-05-15T21:02:37.981242Z,18652065,0.19930000,40.00000000,sell,2022-05-15 21:02:37.981242+00:00
2022-05-15T21:02:37.977616Z,18652064,0.19930000,251.50000000,sell,2022-05-15 21:02:37.977616+00:00
2022-05-15T21:02:36.523717Z,18652063,0.19930000,1560.00000000,buy,2022-05-15 21:02:36.523717+00:00
2022-05-15T21:02:36.523717Z,18652062,0.19930000,1473.00000000,buy,2022-05-15 21:02:36.523717+00:00
2022-05-15T21:02:36.523717Z,18652061,0.19930000,2280.00000000,buy,2022-05-15 21:02:36.523717+00:00
2022-05-15T21:02:36.523717Z,18652060,0.19930000,1003.20000000,buy,2022-05-15 21:02:36.523717+00:00
2022-05-15T21:02:36.523717Z,18652059,0.19930000,912.00000000,buy,2022-05-15 21:02:36.523717+00:00
2022-05-15T21:02:36.523717Z,18652058,0.19930000,681.30000000,buy,2022-05-15 21:02:36.523717+00:00
2022-05-15T21:02:34.12003Z,18652057,0.19940000,664.00000000,buy,2022-05-15 21:02:34.120030+00:00
2022-05-15T21:02:30.150711Z,18652056,0.19940000,629.10000000,buy,2022-05-15 21:02:30.150711+00:00
2022-05-15T21:02:30.150711Z,18652055,0.19940000,383.80000000,buy,2022-05-15 21:02:30.150711+00:00
2022-05-15T21:02:30.058436Z,18652054,0.19940000,103.20000000,buy,2022-05-15 21:02:30.058436+00:00
2022-05-15T21:02:26.623239Z,18652053,0.19930000,164.00000000,sell,2022-05-15 21:02:26.623239+00:00
2022-05-15T21:02:25.853625Z,18652052,0.19930000,642.30000000,buy,2022-05-15 21:02:25.853625+00:00
2022-05-15T21:02:25.853625Z,18652051,0.19930000,1900.00000000,buy,2022-05-15 21:02:25.853625+00:00
2022-05-15T21:02:25.355924Z,18652050,0.19940000,3.30000000,sell,2022-05-15 21:02:25.355924+00:00
2022-05-15T21:02:24.656319Z,18652049,0.19930000,1003.10000000,buy,2022-05-15 21:02:24.656319+00:00
2022-05-15T21:02:24.656319Z,18652048,0.19930000,699.90000000,buy,2022-05-15 21:02:24.656319+00:00
2022-05-15T21:02:24.656319Z,18652047,0.19930000,1600.00000000,buy,2022-05-15 21:02:24.656319+00:00
2022-05-15T21:02:24.656319Z,18652046,0.19930000,352.00000000,buy,2022-05-15 21:02:24.656319+00:00
2022-05-15T21:02:24.656319Z,18652045,0.19930000,673.50000000,buy,2022-05-15 21:02:24.656319+00:00
2022-05-15T21:02:22.299414Z,18652044,0.19930000,809.00000000,sell,2022-05-15 21:02:22.299414+00:00
2022-05-15T21:02:22.299414Z,18652043,0.19930000,488.80000000,sell,2022-05-15 21:02:22.299414+00:00
2022-05-15T21:02:22.299414Z,18652042,0.19930000,2089.60000000,sell,2022-05-15 21:02:22.299414+00:00
2022-05-15T21:02:19.225188Z,18652041,0.19930000,190.40000000,sell,2022-05-15 21:02:19.225188+00:00
2022-05-15T21:02:19.225188Z,18652040,0.19930000,908.00000000,sell,2022-05-15 21:02:19.225188+00:00
2022-05-15T21:02:19.021852Z,18652039,0.19930000,4.00000000,sell,2022-05-15 21:02:19.021852+00:00
2022-05-15T21:02:19.021852Z,18652038,0.19930000,205.70000000,sell,2022-05-15 21:02:19.021852+00:00
2022-05-15T21:02:18.894676Z,18652037,0.19930000,469.00000000,sell,2022-05-15 21:02:18.894676+00:00
2022-05-15T21:02:18.894676Z,18652036,0.19930000,661.30000000,sell,2022-05-15 21:02:18.894676+00:00
2022-05-15T21:02:18.894676Z,18652035,0.19930000,2280.00000000,sell,2022-05-15 21:02:18.894676+00:00
2022-05-15T21:02:18.894676Z,18652034,0.19930000,1003.50000000,sell,2022-05-15 21:02:18.894676+00:00
2022-05-15T21:02:18.894676Z,18652033,0.19930000,219.20000000,sell,2022-05-15 21:02:18.894676+00:00
2022-05-15T21:02:18.891221Z,18652032,0.19930000,25.00000000,sell,2022-05-15 21:02:18.891221+00:00
2022-05-15T21:02:18.403924Z,18652031,0.19930000,480.10000000,sell,2022-05-15 21:02:18.403924+00:00
2022-05-15T21:02:17.973665Z,18652030,0.19930000,40.50000000,sell,2022-05-15 21:02:17.973665+00:00
2022-05-15T21:02:17.057033Z,18652029,0.19930000,117.40000000,sell,2022-05-15 21:02:17.057033+00:00
2022-05-15T21:02:13.24405Z,18652028,0.19930000,20.00000000,sell,2022-05-15 21:02:13.244050+00:00
2022-05-15T21:02:06.425541Z,18652027,0.19930000,9.80000000,sell,2022-05-15 21:02:06.425541+00:00
2022-05-15T21:02:04.266641Z,18652026,0.19920000,1.50000000,buy,2022-05-15 21:02:04.266641+00:00
2022-05-15T21:02:02.491263Z,18652025,0.19930000,6.70000000,sell,2022-05-15 21:02:02.491263+00:00
2022-05-15T21:02:01.965782Z,18652024,0.19910000,24.30000000,buy,2022-05-15 21:02:01.965782+00:00
2022-05-15T21:02:01.965782Z,18652023,0.19920000,0.60000000,buy,2022-05-15 21:02:01.965782+00:00
2022-05-15T21:01:54.624634Z,18652022,0.19930000,305.50000000,sell,2022-05-15 21:01:54.624634+00:00
2022-05-15T21:01:54.063362Z,18652021,0.19920000,7517.80000000,buy,2022-05-15 21:01:54.063362+00:00
2022-05-15T21:01:54.063362Z,18652020,0.19920000,0.20000000,buy,2022-05-15 21:01:54.063362+00:00
2022-05-15T21:01:53.776751Z,18652019,0.19920000,7492.00000000,buy,2022-05-15 21:01:53.776751+00:00
2022-05-15T21:01:53.457763Z,18652018,0.19920000,26.20000000,buy,2022-05-15 21:01:53.457763+00:00
2022-05-15T21:01:53.140949Z,18652017,0.19920000,763.90000000,buy,2022-05-15 21:01:53.140949+00:00
2022-05-15T21:01:53.051891Z,18652016,0.19920000,13.30000000,buy,2022-05-15 21:01:53.051891+00:00
2022-05-15T21:01:53.051891Z,18652015,0.19920000,2981.20000000,buy,2022-05-15 21:01:53.051891+00:00
2022-05-15T21:01:47.601341Z,18652014,0.19940000,46.80000000,sell,2022-05-15 21:01:47.601341+00:00
2022-05-15T21:01:46.54503Z,18652013,0.19940000,381.20000000,sell,2022-05-15 21:01:46.545030+00:00
2022-05-15T21:01:46.54503Z,18652012,0.19940000,617.30000000,sell,2022-05-15 21:01:46.545030+00:00
2022-05-15T21:01:45.725783Z,18652011,0.19940000,178.00000000,sell,2022-05-15 21:01:45.725783+00:00
2022-05-15T21:01:44.346933Z,18652010,0.19930000,569.20000000,buy,2022-05-15 21:01:44.346933+00:00
2022-05-15T21:01:41.428095Z,18652009,0.19940000,116.70000000,sell,2022-05-15 21:01:41.428095+00:00
2022-05-15T21:01:41.428095Z,18652008,0.19930000,0.70000000,sell,2022-05-15 21:01:41.428095+00:00
2022-05-15T21:01:41.025927Z,18652007,0.19930000,2499.30000000,sell,2022-05-15 21:01:41.025927+00:00
2022-05-15T21:01:41.025927Z,18652006,0.19930000,697.80000000,sell,2022-05-15 21:01:41.025927+00:00
2022-05-15T21:01:41.025927Z,18652005,0.19930000,409.90000000,sell,2022-05-15 21:01:41.025927+00:00
2022-05-15T21:01:28.569397Z,18652004,0.19930000,506.00000000,sell,2022-05-15 21:01:28.569397+00:00
2022-05-15T21:01:27.917284Z,18652003,0.19930000,120.90000000,sell,2022-05-15 21:01:27.917284+00:00
2022-05-15T21:01:23.889496Z,18652002,0.19930000,540.00000000,sell,2022-05-15 21:01:23.889496+00:00
2022-05-15T21:01:23.491867Z,18652001,0.19930000,515.60000000,sell,2022-05-15 21:01:23.491867+00:00
2022-05-15T21:01:23.373053Z,18652000,0.19930000,521.10000000,sell,2022-05-15 21:01:23.373053+00:00
2022-05-15T21:01:23.373053Z,18651999,0.19930000,1293.60000000,sell,2022-05-15 21:01:23.373053+00:00
2022-05-15T21:01:23.269783Z,18651998,0.19930000,3402.70000000,sell,2022-05-15 21:01:23.269783+00:00
2022-05-15T21:01:23.2495Z,18651997,0.19930000,506.10000000,buy,2022-05-15 21:01:23.249500+00:00
2022-05-15T21:01:23.2495Z,18651996,0.19930000,1003.20000000,buy,2022-05-15 21:01:23.249500+00:00
2022-05-15T21:01:23.2495Z,18651995,0.19930000,649.00000000,buy,2022-05-15 21:01:23.249500+00:00
2022-05-15T21:01:23.2495Z,18651994,0.19930000,1473.00000000,buy,2022-05-15 21:01:23.249500+00:00
2022-05-15T21:01:23.2495Z,18651993,0.19930000,3672.40000000,buy,2022-05-15 21:01:23.249500+00:00
2022-05-15T21:01:19.561429Z,18651992,0.19930000,85.40000000,buy,2022-05-15 21:01:19.561429+00:00
2022-05-15T21:01:17.806543Z,18651991,0.19940000,264.20000000,sell,2022-05-15 21:01:17.806543+00:00
2022-05-15T21:01:16.695714Z,18651990,0.19950000,14.20000000,sell,2022-05-15 21:01:16.695714+00:00
2022-05-15T21:01:16.408597Z,18651989,0.19950000,14.00000000,sell,2022-05-15 21:01:16.408597+00:00
2022-05-15T21:01:16.065281Z,18651988,0.19940000,4764.00000000,sell,2022-05-15 21:01:16.065281+00:00
2022-05-15T21:01:15.82516Z,18651987,0.19940000,654.90000000,buy,2022-05-15 21:01:15.825160+00:00
2022-05-15T21:01:15.82516Z,18651986,0.19940000,649.10000000,buy,2022-05-15 21:01:15.825160+00:00
2022-05-15T21:01:15.82516Z,18651985,0.19940000,1002.70000000,buy,2022-05-15 21:01:15.825160+00:00
2022-05-15T21:01:15.82516Z,18651984,0.19940000,2270.00000000,buy,2022-05-15 21:01:15.825160+00:00
2022-05-15T21:01:15.56135Z,18651983,0.19940000,10.00000000,buy,2022-05-15 21:01:15.561350+00:00
2022-05-15T21:01:15.56135Z,18651982,0.19940000,90.00000000,buy,2022-05-15 21:01:15.561350+00:00
2022-05-15T21:01:15.14867Z,18651981,0.19960000,1244.10000000,sell,2022-05-15 21:01:15.148670+00:00
2022-05-15T21:01:14.479978Z,18651980,0.19940000,822.00000000,buy,2022-05-15 21:01:14.479978+00:00
2022-05-15T21:01:14.311233Z,18651979,0.19940000,1800.00000000,buy,2022-05-15 21:01:14.311233+00:00
2022-05-15T21:01:12.939185Z,18651978,0.19940000,1002.90000000,buy,2022-05-15 21:01:12.939185+00:00
2022-05-15T21:01:11.992847Z,18651977,0.19940000,379.80000000,buy,2022-05-15 21:01:11.992847+00:00
2022-05-15T21:01:11.367435Z,18651976,0.19950000,713.90000000,sell,2022-05-15 21:01:11.367435+00:00
2022-05-15T21:01:11.367435Z,18651975,0.19940000,284.60000000,sell,2022-05-15 21:01:11.367435+00:00
2022-05-15T21:01:09.778577Z,18651974,0.19930000,1.50000000,buy,2022-05-15 21:01:09.778577+00:00
2022-05-15T21:01:04.464634Z,18651973,0.19950000,531.60000000,sell,2022-05-15 21:01:04.464634+00:00
2022-05-15T21:01:04.413187Z,18651972,0.19940000,322.00000000,buy,2022-05-15 21:01:04.413187+00:00
2022-05-15T21:01:04.387107Z,18651971,0.19940000,279.60000000,buy,2022-05-15 21:01:04.387107+00:00
2022-05-15T21:01:04.360015Z,18651970,0.19940000,595.80000000,buy,2022-05-15 21:01:04.360015+00:00
2022-05-15T21:01:01.119032Z,18651969,0.19940000,852.00000000,sell,2022-05-15 21:01:01.119032+00:00
2022-05-15T21:01:01.119032Z,18651968,0.19940000,1700.00000000,sell,2022-05-15 21:01:01.119032+00:00
2022-05-15T21:01:01.119032Z,18651967,0.19940000,678.60000000,sell,2022-05-15 21:01:01.119032+00:00
2022-05-15T21:01:01.119032Z,18651966,0.19940000,659.40000000,sell,2022-05-15 21:01:01.119032+00:00
2022-05-15T21:00:58.365639Z,18651965,0.19940000,154.40000000,buy,2022-05-15 21:00:58.365639+00:00
2022-05-15T21:00:58.365639Z,18651964,0.19940000,478.30000000,buy,2022-05-15 21:00:58.365639+00:00
2022-05-15T21:00:56.86358Z,18651963,0.19940000,912.00000000,buy,2022-05-15 21:00:56.863580+00:00
2022-05-15T21:00:56.843506Z,18651962,0.19940000,617.80000000,buy,2022-05-15 21:00:56.843506+00:00
2022-05-15T21:00:56.827937Z,18651961,0.19940000,912.00000000,buy,2022-05-15 21:00:56.827937+00:00
2022-05-15T21:00:53.580936Z,18651960,0.19940000,678.50000000,buy,2022-05-15 21:00:53.580936+00:00
2022-05-15T21:00:53.580936Z,18651959,0.19940000,3757.50000000,buy,2022-05-15 21:00:53.580936+00:00
2022-05-15T21:00:53.351815Z,18651958,0.19940000,1137.90000000,buy,2022-05-15 21:00:53.351815+00:00
2022-05-15T21:00:53.351815Z,18651957,0.19940000,912.00000000,buy,2022-05-15 21:00:53.351815+00:00
2022-05-15T21:00:53.351815Z,18651956,0.19940000,3757.50000000,buy,2022-05-15 21:00:53.351815+00:00
2022-05-15T21:00:53.351815Z,18651955,0.19940000,73.80000000,buy,2022-05-15 21:00:53.351815+00:00
2022-05-15T21:00:51.99252Z,18651954,0.19950000,318.50000000,sell,2022-05-15 21:00:51.992520+00:00
2022-05-15T21:00:51.99252Z,18651953,0.19950000,1002.70000000,sell,2022-05-15 21:00:51.992520+00:00
2022-05-15T21:00:51.99252Z,18651952,0.19950000,2280.00000000,sell,2022-05-15 21:00:51.992520+00:00
2022-05-15T21:00:51.99252Z,18651951,0.19950000,912.00000000,sell,2022-05-15 21:00:51.992520+00:00
2022-05-15T21:00:51.99252Z,18651950,0.19950000,723.40000000,sell,2022-05-15 21:00:51.992520+00:00
2022-05-15T21:00:51.99252Z,18651949,0.19950000,139.10000000,sell,2022-05-15 21:00:51.992520+00:00
2022-05-15T21:00:51.99252Z,18651948,0.19950000,505.50000000,sell,2022-05-15 21:00:51.992520+00:00
2022-05-15T21:00:50.687018Z,18651947,0.19950000,139.70000000,sell,2022-05-15 21:00:50.687018+00:00
2022-05-15T21:00:46.558249Z,18651946,0.19940000,1.60000000,buy,2022-05-15 21:00:46.558249+00:00
2022-05-15T21:00:45.649438Z,18651945,0.19940000,45.10000000,buy,2022-05-15 21:00:45.649438+00:00
2022-05-15T21:00:44.132978Z,18651944,0.19940000,610.90000000,sell,2022-05-15 21:00:44.132978+00:00
2022-05-15T21:00:44.132978Z,18651943,0.19940000,719.80000000,sell,2022-05-15 21:00:44.132978+00:00
2022-05-15T21:00:44.132978Z,18651942,0.19940000,85.30000000,sell,2022-05-15 21:00:44.132978+00:00
2022-05-15T21:00:42.409373Z,18651941,0.19940000,59.90000000,sell,2022-05-15 21:00:42.409373+00:00
2022-05-15T21:00:35.627652Z,18651940,0.19940000,667.00000000,sell,2022-05-15 21:00:35.627652+00:00
2022-05-15T21:00:26.558122Z,18651939,0.19950000,554.10000000,sell,2022-05-15 21:00:26.558122+00:00
2022-05-15T21:00:20.557348Z,18651938,0.19940000,0.50000000,sell,2022-05-15 21:00:20.557348+00:00
2022-05-15T21:00:20.556721Z,18651937,0.19940000,424.00000000,sell,2022-05-15 21:00:20.556721+00:00
2022-05-15T21:00:20.002293Z,18651936,0.19940000,540.00000000,sell,2022-05-15 21:00:20.002293+00:00
2022-05-15T21:00:19.737979Z,18651935,0.19930000,0.30000000,sell,2022-05-15 21:00:19.737979+00:00
2022-05-15T21:00:19.729528Z,18651934,0.19930000,495.00000000,sell,2022-05-15 21:00:19.729528+00:00
2022-05-15T21:00:19.70262Z,18651933,0.19930000,0.30000000,sell,2022-05-15 21:00:19.702620+00:00
2022-05-15T21:00:19.691032Z,18651932,0.19930000,544.40000000,sell,2022-05-15 21:00:19.691032+00:00
2022-05-15T21:00:19.691032Z,18651931,0.19930000,648.60000000,sell,2022-05-15 21:00:19.691032+00:00
2022-05-15T21:00:17.492913Z,18651930,0.19930000,648.20000000,buy,2022-05-15 21:00:17.492913+00:00
2022-05-15T21:00:09.361983Z,18651929,0.19950000,635.30000000,buy,2022-05-15 21:00:09.361983+00:00
2022-05-15T21:00:09.361983Z,18651928,0.19950000,619.50000000,buy,2022-05-15 21:00:09.361983+00:00
2022-05-15T21:00:09.361983Z,18651927,0.19950000,1471.60000000,buy,2022-05-15 21:00:09.361983+00:00
2022-05-15T21:00:08.089654Z,18651926,0.19960000,226.20000000,buy,2022-05-15 21:00:08.089654+00:00
2022-05-15T21:00:07.152883Z,18651925,0.19970000,221.80000000,sell,2022-05-15 21:00:07.152883+00:00
2022-05-15T21:00:06.515165Z,18651924,0.19960000,0.40000000,sell,2022-05-15 21:00:06.515165+00:00
2022-05-15T21:00:06.308333Z,18651923,0.19950000,1.40000000,buy,2022-05-15 21:00:06.308333+00:00
2022-05-15T21:00:06.189395Z,18651922,0.19960000,619.00000000,sell,2022-05-15 21:00:06.189395+00:00
2022-05-15T21:00:04.618782Z,18651921,0.19960000,654.80000000,buy,2022-05-15 21:00:04.618782+00:00
2022-05-15T21:00:04.544895Z,18651920,0.19960000,1472.90000000,buy,2022-05-15 21:00:04.544895+00:00
2022-05-15T21:00:04.544895Z,18651919,0.19960000,898.10000000,buy,2022-05-15 21:00:04.544895+00:00
2022-05-15T21:00:04.527351Z,18651918,0.19960000,1001.90000000,buy,2022-05-15 21:00:04.527351+00:00
2022-05-15T21:00:04.505069Z,18651917,0.19960000,1300.00000000,buy,2022-05-15 21:00:04.505069+00:00
2022-05-15T21:00:04.505069Z,18651916,0.19960000,0.10000000,buy,2022-05-15 21:00:04.505069+00:00
2022-05-15T21:00:03.875474Z,18651915,0.19960000,656.80000000,buy,2022-05-15 21:00:03.875474+00:00
2022-05-15T21:00:03.836129Z,18651914,0.19960000,714.60000000,buy,2022-05-15 21:00:03.836129+00:00
2022-05-15T21:00:03.836129Z,18651913,0.19960000,0.10000000,buy,2022-05-15 21:00:03.836129+00:00
2022-05-15T21:00:03.069559Z,18651912,0.19960000,646.80000000,buy,2022-05-15 21:00:03.069559+00:00
2022-05-15T21:00:02.892311Z,18651911,0.19970000,474.70000000,sell,2022-05-15 21:00:02.892311+00:00
2022-05-15T21:00:02.892311Z,18651910,0.19970000,2.90000000,sell,2022-05-15 21:00:02.892311+00:00
2022-05-15T21:00:02.892311Z,18651909,0.19970000,6.50000000,sell,2022-05-15 21:00:02.892311+00:00
2022-05-15T20:59:56.482073Z,18651908,0.19930000,484.80000000,sell,2022-05-15 20:59:56.482073+00:00
2022-05-15T20:59:56.482073Z,18651907,0.19930000,252.20000000,sell,2022-05-15 20:59:56.482073+00:00
2022-05-15T20:59:54.768304Z,18651906,0.19930000,91.40000000,sell,2022-05-15 20:59:54.768304+00:00
2022-05-15T20:59:54.768304Z,18651905,0.19930000,0.90000000,sell,2022-05-15 20:59:54.768304+00:00
2022-05-15T20:59:41.128224Z,18651904,0.19930000,124.00000000,sell,2022-05-15 20:59:41.128224+00:00
2022-05-15T20:59:39.670152Z,18651903,0.19930000,639.80000000,buy,2022-05-15 20:59:39.670152+00:00
2022-05-15T20:59:36.91746Z,18651902,0.19950000,907.90000000,sell,2022-05-15 20:59:36.917460+00:00
2022-05-15T20:59:36.91746Z,18651901,0.19950000,1587.70000000,sell,2022-05-15 20:59:36.917460+00:00
2022-05-15T20:59:36.700344Z,18651900,0.19950000,500.00000000,sell,2022-05-15 20:59:36.700344+00:00
2022-05-15T20:59:34.429942Z,18651899,0.19950000,117.40000000,sell,2022-05-15 20:59:34.429942+00:00
2022-05-15T20:59:32.839311Z,18651898,0.19950000,74.90000000,sell,2022-05-15 20:59:32.839311+00:00
2022-05-15T20:59:31.055746Z,18651897,0.19940000,252.00000000,buy,2022-05-15 20:59:31.055746+00:00
2022-05-15T20:59:28.817335Z,18651896,0.19940000,64.00000000,sell,2022-05-15 20:59:28.817335+00:00
2022-05-15T20:59:28.759201Z,18651895,0.19940000,318.10000000,sell,2022-05-15 20:59:28.759201+00:00
2022-05-15T20:59:28.759201Z,18651894,0.19940000,912.00000000,sell,2022-05-15 20:59:28.759201+00:00
2022-05-15T20:59:27.463495Z,18651893,0.19930000,0.70000000,sell,2022-05-15 20:59:27.463495+00:00
2022-05-15T20:59:27.443441Z,18651892,0.19930000,620.00000000,sell,2022-05-15 20:59:27.443441+00:00
2022-05-15T20:59:27.443441Z,18651891,0.19930000,414.00000000,sell,2022-05-15 20:59:27.443441+00:00
2022-05-15T20:59:25.074768Z,18651890,0.19930000,190.10000000,sell,2022-05-15 20:59:25.074768+00:00
2022-05-15T20:59:23.779759Z,18651889,0.19930000,3759.60000000,buy,2022-05-15 20:59:23.779759+00:00
2022-05-15T20:59:19.449537Z,18651888,0.19950000,15.10000000,sell,2022-05-15 20:59:19.449537+00:00
2022-05-15T20:59:18.676935Z,18651887,0.19950000,97.30000000,sell,2022-05-15 20:59:18.676935+00:00
2022-05-15T20:59:18.453929Z,18651886,0.19940000,6.50000000,sell,2022-05-15 20:59:18.453929+00:00
2022-05-15T20:59:18.111409Z,18651885,0.19930000,559.00000000,sell,2022-05-15 20:59:18.111409+00:00
2022-05-15T20:59:18.111409Z,18651884,0.19930000,684.00000000,sell,2022-05-15 20:59:18.111409+00:00
2022-05-15T20:59:16.163719Z,18651883,0.19920000,610.00000000,sell,2022-05-15 20:59:16.163719+00:00
2022-05-15T20:59:12.687376Z,18651882,0.19930000,124.60000000,sell,2022-05-15 20:59:12.687376+00:00
2022-05-15T20:59:11.910707Z,18651881,0.19930000,2288.20000000,sell,2022-05-15 20:59:11.910707+00:00
2022-05-15T20:59:11.910707Z,18651880,0.19930000,1473.00000000,sell,2022-05-15 20:59:11.910707+00:00
2022-05-15T20:59:11.910707Z,18651879,0.19920000,1473.00000000,sell,2022-05-15 20:59:11.910707+00:00
2022-05-15T20:59:06.133663Z,18651878,0.19890000,11384.80000000,sell,2022-05-15 20:59:06.133663+00:00
2022-05-15T20:59:05.401147Z,18651877,0.19890000,300.60000000,buy,2022-05-15 20:59:05.401147+00:00
2022-05-15T20:59:05.401147Z,18651876,0.19890000,314.60000000,buy,2022-05-15 20:59:05.401147+00:00
2022-05-15T20:59:04.186876Z,18651875,0.19890000,1005.30000000,buy,2022-05-15 20:59:04.186876+00:00
2022-05-15T20:59:04.186876Z,18651874,0.19890000,126.60000000,buy,2022-05-15 20:59:04.186876+00:00
2022-05-15T20:59:04.186876Z,18651873,0.19890000,314.60000000,buy,2022-05-15 20:59:04.186876+00:00
2022-05-15T20:59:03.756203Z,18651872,0.19900000,354.70000000,sell,2022-05-15 20:59:03.756203+00:00
2022-05-15T20:59:03.566572Z,18651871,0.19890000,288.00000000,sell,2022-05-15 20:59:03.566572+00:00
2022-05-15T20:58:56.924954Z,18651870,0.19890000,155.00000000,sell,2022-05-15 20:58:56.924954+00:00
2022-05-15T20:58:50.586692Z,18651869,0.19890000,232.60000000,sell,2022-05-15 20:58:50.586692+00:00
2022-05-15T20:58:45.617857Z,18651868,0.19900000,298.10000000,buy,2022-05-15 20:58:45.617857+00:00
2022-05-15T20:58:45.550824Z,18651867,0.19900000,633.00000000,buy,2022-05-15 20:58:45.550824+00:00
2022-05-15T20:58:45.550824Z,18651866,0.19900000,1700.00000000,buy,2022-05-15 20:58:45.550824+00:00
2022-05-15T20:58:42.628135Z,18651865,0.19890000,7.60000000,sell,2022-05-15 20:58:42.628135+00:00
2022-05-15T20:58:42.628135Z,18651864,0.19890000,4929.90000000,sell,2022-05-15 20:58:42.628135+00:00
2022-05-15T20:58:42.610337Z,18651863,0.19890000,3598.40000000,sell,2022-05-15 20:58:42.610337+00:00
2022-05-15T20:58:42.490524Z,18651862,0.19890000,534.90000000,buy,2022-05-15 20:58:42.490524+00:00
2022-05-15T20:58:42.490524Z,18651861,0.19890000,2280.00000000,buy,2022-05-15 20:58:42.490524+00:00
2022-05-15T20:58:42.490524Z,18651860,0.19890000,656.80000000,buy,2022-05-15 20:58:42.490524+00:00
2022-05-15T20:58:41.802445Z,18651859,0.19890000,99.10000000,buy,2022-05-15 20:58:41.802445+00:00
2022-05-15T20:58:41.802445Z,18651858,0.19890000,912.00000000,buy,2022-05-15 20:58:41.802445+00:00
2022-05-15T20:58:41.780412Z,18651857,0.19900000,259.00000000,sell,2022-05-15 20:58:41.780412+00:00
2022-05-15T20:58:41.471452Z,18651856,0.19900000,53.40000000,sell,2022-05-15 20:58:41.471452+00:00
2022-05-15T20:58:41.471452Z,18651855,0.19900000,1473.00000000,sell,2022-05-15 20:58:41.471452+00:00
2022-05-15T20:58:41.471452Z,18651854,0.19900000,2280.00000000,sell,2022-05-15 20:58:41.471452+00:00
2022-05-15T20:58:41.471452Z,18651853,0.19900000,912.00000000,sell,2022-05-15 20:58:41.471452+00:00
2022-05-15T20:58:41.471452Z,18651852,0.19900000,1005.30000000,sell,2022-05-15 20:58:41.471452+00:00
2022-05-15T20:58:41.471452Z,18651851,0.19890000,102.60000000,sell,2022-05-15 20:58:41.471452+00:00
2022-05-15T20:58:41.471452Z,18651850,0.19890000,62.10000000,sell,2022-05-15 20:58:41.471452+00:00
2022-05-15T20:58:39.669963Z,18651849,0.19880000,10.90000000,buy,2022-05-15 20:58:39.669963+00:00
2022-05-15T20:58:39.669963Z,18651848,0.19880000,994.60000000,buy,2022-05-15 20:58:39.669963+00:00
2022-05-15T20:58:38.807173Z,18651847,0.19890000,501.70000000,sell,2022-05-15 20:58:38.807173+00:00
2022-05-15T20:58:36.838016Z,18651846,0.19890000,92.60000000,sell,2022-05-15 20:58:36.838016+00:00
2022-05-15T20:58:33.812578Z,18651845,0.19880000,20.40000000,buy,2022-05-15 20:58:33.812578+00:00
2022-05-15T20:58:30.123796Z,18651844,0.19890000,5.00000000,sell,2022-05-15 20:58:30.123796+00:00
2022-05-15T20:58:21.892215Z,18651843,0.19890000,3208.00000000,sell,2022-05-15 20:58:21.892215+00:00
2022-05-15T20:58:21.506798Z,18651842,0.19890000,542.50000000,buy,2022-05-15 20:58:21.506798+00:00
2022-05-15T20:58:21.506798Z,18651841,0.19890000,1005.40000000,buy,2022-05-15 20:58:21.506798+00:00
2022-05-15T20:58:21.506798Z,18651840,0.19890000,287.30000000,buy,2022-05-15 20:58:21.506798+00:00
2022-05-15T20:58:19.75936Z,18651839,0.19890000,656.00000000,sell,2022-05-15 20:58:19.759360+00:00
2022-05-15T20:58:15.664797Z,18651838,0.19890000,625.80000000,buy,2022-05-15 20:58:15.664797+00:00
2022-05-15T20:58:11.127467Z,18651837,0.19890000,337.00000000,sell,2022-05-15 20:58:11.127467+00:00
2022-05-15T20:58:07.267381Z,18651836,0.19890000,7.30000000,sell,2022-05-15 20:58:07.267381+00:00
2022-05-15T20:58:06.434036Z,18651835,0.19890000,45.10000000,sell,2022-05-15 20:58:06.434036+00:00
2022-05-15T20:58:03.529622Z,18651834,0.19890000,282.80000000,sell,2022-05-15 20:58:03.529622+00:00
2022-05-15T20:57:56.302377Z,18651833,0.19880000,106.30000000,buy,2022-05-15 20:57:56.302377+00:00
2022-05-15T20:57:54.779809Z,18651832,0.19900000,398.80000000,sell,2022-05-15 20:57:54.779809+00:00
2022-05-15T20:57:54.779809Z,18651831,0.19890000,694.90000000,sell,2022-05-15 20:57:54.779809+00:00
2022-05-15T20:57:54.779809Z,18651830,0.19890000,158.30000000,sell,2022-05-15 20:57:54.779809+00:00
2022-05-15T20:57:52.929951Z,18651829,0.19890000,485.30000000,sell,2022-05-15 20:57:52.929951+00:00
2022-05-15T20:57:52.480685Z,18651828,0.19880000,9.90000000,buy,2022-05-15 20:57:52.480685+00:00
2022-05-15T20:57:44.115534Z,18651827,0.19880000,105.40000000,buy,2022-05-15 20:57:44.115534+00:00
2022-05-15T20:57:30.242111Z,18651826,0.19890000,9.90000000,sell,2022-05-15 20:57:30.242111+00:00
2022-05-15T20:57:18.994057Z,18651825,0.19880000,349.40000000,sell,2022-05-15 20:57:18.994057+00:00
2022-05-15T20:57:18.876508Z,18651824,0.19880000,398.40000000,sell,2022-05-15 20:57:18.876508+00:00
2022-05-15T20:57:18.389834Z,18651823,0.19880000,1064.50000000,buy,2022-05-15 20:57:18.389834+00:00
2022-05-15T20:57:18.389834Z,18651822,0.19880000,1005.60000000,buy,2022-05-15 20:57:18.389834+00:00
2022-05-15T20:57:18.389834Z,18651821,0.19880000,644.20000000,buy,2022-05-15 20:57:18.389834+00:00
2022-05-15T20:57:18.389834Z,18651820,0.19880000,281.40000000,buy,2022-05-15 20:57:18.389834+00:00
2022-05-15T20:57:18.389834Z,18651819,0.19880000,1473.00000000,buy,2022-05-15 20:57:18.389834+00:00
2022-05-15T20:57:18.389834Z,18651818,0.19880000,7531.30000000,buy,2022-05-15 20:57:18.389834+00:00
2022-05-15T20:57:15.148799Z,18651817,0.19890000,912.00000000,buy,2022-05-15 20:57:15.148799+00:00
2022-05-15T20:57:15.148799Z,18651816,0.19890000,623.70000000,buy,2022-05-15 20:57:15.148799+00:00
2022-05-15T20:57:15.148799Z,18651815,0.19890000,3752.20000000,buy,2022-05-15 20:57:15.148799+00:00
2022-05-15T20:57:04.050618Z,18651814,0.19900000,50.00000000,sell,2022-05-15 20:57:04.050618+00:00
2022-05-15T20:57:02.462354Z,18651813,0.19890000,14.60000000,buy,2022-05-15 20:57:02.462354+00:00
2022-05-15T20:57:00.248244Z,18651812,0.19900000,3765.40000000,buy,2022-05-15 20:57:00.248244+00:00
2022-05-15T20:57:00.216576Z,18651811,0.19900000,3765.40000000,buy,2022-05-15 20:57:00.216576+00:00
2022-05-15T20:56:53.439073Z,18651810,0.19910000,3809.60000000,sell,2022-05-15 20:56:53.439073+00:00
2022-05-15T20:56:53.439073Z,18651809,0.19910000,4.60000000,sell,2022-05-15 20:56:53.439073+00:00
2022-05-15T20:56:53.439073Z,18651808,0.19910000,912.00000000,sell,2022-05-15 20:56:53.439073+00:00
2022-05-15T20:56:53.439073Z,18651807,0.19910000,1473.00000000,sell,2022-05-15 20:56:53.439073+00:00
2022-05-15T20:56:53.439073Z,18651806,0.19900000,349.80000000,sell,2022-05-15 20:56:53.439073+00:00
2022-05-15T20:56:53.439073Z,18651805,0.19900000,655.00000000,sell,2022-05-15 20:56:53.439073+00:00
2022-05-15T20:56:53.439073Z,18651804,0.19900000,682.20000000,sell,2022-05-15 20:56:53.439073+00:00
2022-05-15T20:56:49.964383Z,18651803,0.19900000,92.70000000,sell,2022-05-15 20:56:49.964383+00:00
2022-05-15T20:56:49.59142Z,18651802,0.19890000,619.80000000,sell,2022-05-15 20:56:49.591420+00:00
2022-05-15T20:56:49.561662Z,18651801,0.19880000,62.90000000,buy,2022-05-15 20:56:49.561662+00:00
2022-05-15T20:56:41.397611Z,18651800,0.19900000,382.40000000,sell,2022-05-15 20:56:41.397611+00:00
2022-05-15T20:56:37.055452Z,18651799,0.19880000,3615.10000000,buy,2022-05-15 20:56:37.055452+00:00
2022-05-15T20:56:37.055452Z,18651798,0.19880000,1473.00000000,buy,2022-05-15 20:56:37.055452+00:00
2022-05-15T20:56:37.055452Z,18651797,0.19880000,1005.70000000,buy,2022-05-15 20:56:37.055452+00:00
2022-05-15T20:56:37.055452Z,18651796,0.19880000,2280.00000000,buy,2022-05-15 20:56:37.055452+00:00
2022-05-15T20:56:37.055452Z,18651795,0.19890000,1005.10000000,buy,2022-05-15 20:56:37.055452+00:00
2022-05-15T20:56:37.055452Z,18651794,0.19890000,1980.00000000,buy,2022-05-15 20:56:37.055452+00:00
2022-05-15T20:56:37.055452Z,18651793,0.19890000,663.50000000,buy,2022-05-15 20:56:37.055452+00:00
2022-05-15T20:56:37.055452Z,18651792,0.19890000,618.00000000,buy,2022-05-15 20:56:37.055452+00:00
2022-05-15T20:56:36.612761Z,18651791,0.19900000,426.00000000,sell,2022-05-15 20:56:36.612761+00:00
2022-05-15T20:56:33.366876Z,18651790,0.19890000,1.70000000,buy,2022-05-15 20:56:33.366876+00:00
2022-05-15T20:56:33.23492Z,18651789,0.19900000,3.80000000,sell,2022-05-15 20:56:33.234920+00:00
2022-05-15T20:56:29.668442Z,18651788,0.19880000,663.30000000,sell,2022-05-15 20:56:29.668442+00:00
2022-05-15T20:56:29.668442Z,18651787,0.19880000,596.70000000,sell,2022-05-15 20:56:29.668442+00:00
2022-05-15T20:56:28.440259Z,18651786,0.19880000,39.30000000,sell,2022-05-15 20:56:28.440259+00:00
2022-05-15T20:56:28.440259Z,18651785,0.19880000,670.80000000,sell,2022-05-15 20:56:28.440259+00:00
2022-05-15T20:56:28.440259Z,18651784,0.19880000,4067.90000000,sell,2022-05-15 20:56:28.440259+00:00
2022-05-15T20:56:28.069682Z,18651783,0.19880000,645.50000000,buy,2022-05-15 20:56:28.069682+00:00
2022-05-15T20:56:28.069682Z,18651782,0.19880000,516.70000000,buy,2022-05-15 20:56:28.069682+00:00
2022-05-15T20:56:28.069682Z,18651781,0.19880000,672.10000000,buy,2022-05-15 20:56:28.069682+00:00
2022-05-15T20:56:28.069682Z,18651780,0.19880000,1005.80000000,buy,2022-05-15 20:56:28.069682+00:00
2022-05-15T20:56:28.069682Z,18651779,0.19880000,2280.00000000,buy,2022-05-15 20:56:28.069682+00:00
2022-05-15T20:56:28.069682Z,18651778,0.19880000,1900.00000000,buy,2022-05-15 20:56:28.069682+00:00
2022-05-15T20:56:28.069682Z,18651777,0.19880000,912.00000000,buy,2022-05-15 20:56:28.069682+00:00
2022-05-15T20:56:26.92495Z,18651776,0.19890000,68.60000000,sell,2022-05-15 20:56:26.924950+00:00
2022-05-15T20:56:26.92495Z,18651775,0.19890000,1006.00000000,sell,2022-05-15 20:56:26.924950+00:00
2022-05-15T20:56:26.92495Z,18651774,0.19880000,720.50000000,sell,2022-05-15 20:56:26.924950+00:00
2022-05-15T20:56:26.92495Z,18651773,0.19880000,611.50000000,sell,2022-05-15 20:56:26.924950+00:00
2022-05-15T20:56:23.010556Z,18651772,0.19880000,377.00000000,sell,2022-05-15 20:56:23.010556+00:00
2022-05-15T20:56:21.235623Z,18651771,0.19890000,92.60000000,sell,2022-05-15 20:56:21.235623+00:00
2022-05-15T20:56:15.440969Z,18651770,0.19880000,674.00000000,buy,2022-05-15 20:56:15.440969+00:00
2022-05-15T20:56:07.979376Z,18651769,0.19900000,1798.50000000,sell,2022-05-15 20:56:07.979376+00:00
2022-05-15T20:56:07.979376Z,18651768,0.19900000,1006.70000000,sell,2022-05-15 20:56:07.979376+00:00
2022-05-15T20:56:07.979376Z,18651767,0.19900000,912.00000000,sell,2022-05-15 20:56:07.979376+00:00
2022-05-15T20:56:07.979376Z,18651766,0.19900000,1473.00000000,sell,2022-05-15 20:56:07.979376+00:00
2022-05-15T20:56:07.664625Z,18651765,0.19890000,316.00000000,buy,2022-05-15 20:56:07.664625+00:00
2022-05-15T20:56:02.082297Z,18651764,0.19870000,3770.40000000,buy,2022-05-15 20:56:02.082297+00:00
2022-05-15T20:56:02.082297Z,18651763,0.19870000,384.60000000,buy,2022-05-15 20:56:02.082297+00:00
2022-05-15T20:56:00.153045Z,18651762,0.19870000,271.80000000,buy,2022-05-15 20:56:00.153045+00:00
2022-05-15T20:56:00.153045Z,18651761,0.19870000,912.00000000,buy,2022-05-15 20:56:00.153045+00:00
2022-05-15T20:56:00.153045Z,18651760,0.19870000,145.40000000,buy,2022-05-15 20:56:00.153045+00:00
2022-05-15T20:55:59.748144Z,18651759,0.19870000,721.00000000,sell,2022-05-15 20:55:59.748144+00:00
2022-05-15T20:55:57.70648Z,18651758,0.19870000,911.90000000,buy,2022-05-15 20:55:57.706480+00:00
2022-05-15T20:55:57.70648Z,18651757,0.19870000,656.30000000,buy,2022-05-15 20:55:57.706480+00:00
2022-05-15T20:55:54.18077Z,18651756,0.19870000,938.60000000,buy,2022-05-15 20:55:54.180770+00:00
2022-05-15T20:55:54.18077Z,18651755,0.19870000,1980.00000000,buy,2022-05-15 20:55:54.180770+00:00
2022-05-15T20:55:54.18077Z,18651754,0.19870000,613.50000000,buy,2022-05-15 20:55:54.180770+00:00
2022-05-15T20:55:54.18077Z,18651753,0.19870000,1473.00000000,buy,2022-05-15 20:55:54.180770+00:00
2022-05-15T20:55:54.18077Z,18651752,0.19870000,2280.00000000,buy,2022-05-15 20:55:54.180770+00:00
2022-05-15T20:55:54.18077Z,18651751,0.19870000,912.00000000,buy,2022-05-15 20:55:54.180770+00:00
2022-05-15T20:55:54.18077Z,18651750,0.19870000,2890.90000000,buy,2022-05-15 20:55:54.180770+00:00
2022-05-15T20:55:54.18077Z,18651749,0.19880000,912.00000000,buy,2022-05-15 20:55:54.180770+00:00
2022-05-15T20:55:54.138397Z,18651748,0.19890000,1008.50000000,sell,2022-05-15 20:55:54.138397+00:00
2022-05-15T20:55:54.138397Z,18651747,0.19890000,912.00000000,sell,2022-05-15 20:55:54.138397+00:00
2022-05-15T20:55:54.138397Z,18651746,0.19880000,289.20000000,sell,2022-05-15 20:55:54.138397+00:00
2022-05-15T20:55:54.138397Z,18651745,0.19880000,655.50000000,sell,2022-05-15 20:55:54.138397+00:00
2022-05-15T20:55:54.138397Z,18651744,0.19880000,627.30000000,sell,2022-05-15 20:55:54.138397+00:00
2022-05-15T20:55:52.183211Z,18651743,0.19880000,641.00000000,buy,2022-05-15 20:55:52.183211+00:00
2022-05-15T20:55:51.816172Z,18651742,0.19880000,207.60000000,buy,2022-05-15 20:55:51.816172+00:00
2022-05-15T20:55:49.156184Z,18651741,0.19890000,691.00000000,sell,2022-05-15 20:55:49.156184+00:00
2022-05-15T20:55:49.12727Z,18651740,0.19880000,676.00000000,sell,2022-05-15 20:55:49.127270+00:00
2022-05-15T20:55:49.111359Z,18651739,0.19890000,1558.50000000,sell,2022-05-15 20:55:49.111359+00:00
2022-05-15T20:55:49.111359Z,18651738,0.19890000,8168.10000000,sell,2022-05-15 20:55:49.111359+00:00
2022-05-15T20:55:49.111359Z,18651737,0.19890000,756.50000000,sell,2022-05-15 20:55:49.111359+00:00
2022-05-15T20:55:49.10747Z,18651736,0.19890000,716.50000000,sell,2022-05-15 20:55:49.107470+00:00
2022-05-15T20:55:49.10747Z,18651735,0.19890000,1005.80000000,sell,2022-05-15 20:55:49.107470+00:00
2022-05-15T20:55:49.10747Z,18651734,0.19890000,912.00000000,sell,2022-05-15 20:55:49.107470+00:00
2022-05-15T20:55:49.10747Z,18651733,0.19890000,2280.00000000,sell,2022-05-15 20:55:49.107470+00:00
2022-05-15T20:55:49.10747Z,18651732,0.19890000,327.00000000,sell,2022-05-15 20:55:49.107470+00:00
2022-05-15T20:55:49.10747Z,18651731,0.19880000,0.40000000,sell,2022-05-15 20:55:49.107470+00:00
2022-05-15T20:55:49.099581Z,18651730,0.19880000,718.30000000,sell,2022-05-15 20:55:49.099581+00:00
2022-05-15T20:55:49.099581Z,18651729,0.19880000,418.00000000,sell,2022-05-15 20:55:49.099581+00:00
2022-05-15T20:55:49.099581Z,18651728,0.19880000,478.70000000,sell,2022-05-15 20:55:49.099581+00:00
2022-05-15T20:55:47.90051Z,18651727,0.19880000,150.90000000,sell,2022-05-15 20:55:47.900510+00:00
2022-05-15T20:55:47.050953Z,18651726,0.19880000,220.10000000,buy,2022-05-15 20:55:47.050953+00:00
2022-05-15T20:55:38.675411Z,18651725,0.19900000,485.60000000,sell,2022-05-15 20:55:38.675411+00:00
2022-05-15T20:55:36.225596Z,18651724,0.19890000,341.00000000,buy,2022-05-15 20:55:36.225596+00:00
2022-05-15T20:55:36.224717Z,18651723,0.19900000,117.70000000,sell,2022-05-15 20:55:36.224717+00:00
2022-05-15T20:55:25.03059Z,18651722,0.19880000,3.20000000,sell,2022-05-15 20:55:25.030590+00:00
2022-05-15T20:55:15.722224Z,18651721,0.19880000,671.50000000,buy,2022-05-15 20:55:15.722224+00:00
2022-05-15T20:55:15.288636Z,18651720,0.19890000,36.50000000,sell,2022-05-15 20:55:15.288636+00:00
2022-05-15T20:55:14.637627Z,18651719,0.19880000,225.00000000,sell,2022-05-15 20:55:14.637627+00:00
2022-05-15T20:55:13.958627Z,18651718,0.19880000,500.50000000,sell,2022-05-15 20:55:13.958627+00:00
2022-05-15T20:55:13.648825Z,18651717,0.19880000,4.40000000,sell,2022-05-15 20:55:13.648825+00:00
2022-05-15T20:55:13.49092Z,18651716,0.19870000,75.50000000,buy,2022-05-15 20:55:13.490920+00:00
2022-05-15T20:55:12.853464Z,18651715,0.19880000,1006.00000000,buy,2022-05-15 20:55:12.853464+00:00
2022-05-15T20:55:12.853464Z,18651714,0.19880000,634.10000000,buy,2022-05-15 20:55:12.853464+00:00
2022-05-15T20:55:12.853464Z,18651713,0.19880000,912.00000000,buy,2022-05-15 20:55:12.853464+00:00
2022-05-15T20:55:12.09292Z,18651712,0.19890000,780.00000000,sell,2022-05-15 20:55:12.092920+00:00
2022-05-15T20:55:12.09292Z,18651711,0.19890000,1006.30000000,sell,2022-05-15 20:55:12.092920+00:00
2022-05-15T20:55:12.09292Z,18651710,0.19890000,912.00000000,sell,2022-05-15 20:55:12.092920+00:00
2022-05-15T20:55:12.09292Z,18651709,0.19890000,352.00000000,sell,2022-05-15 20:55:12.092920+00:00
2022-05-15T20:55:12.09292Z,18651708,0.19880000,600.70000000,sell,2022-05-15 20:55:12.092920+00:00
2022-05-15T20:55:12.09292Z,18651707,0.19880000,606.00000000,sell,2022-05-15 20:55:12.092920+00:00
2022-05-15T20:55:12.09292Z,18651706,0.19880000,691.60000000,sell,2022-05-15 20:55:12.092920+00:00
2022-05-15T20:55:09.978342Z,18651705,0.19870000,804.00000000,buy,2022-05-15 20:55:09.978342+00:00
2022-05-15T20:55:09.978342Z,18651704,0.19870000,613.20000000,buy,2022-05-15 20:55:09.978342+00:00
2022-05-15T20:55:07.483758Z,18651703,0.19880000,485.40000000,sell,2022-05-15 20:55:07.483758+00:00
2022-05-15T20:55:06.353642Z,18651702,0.19880000,614.40000000,buy,2022-05-15 20:55:06.353642+00:00
2022-05-15T20:55:06.353642Z,18651701,0.19880000,1005.80000000,buy,2022-05-15 20:55:06.353642+00:00
2022-05-15T20:55:06.353642Z,18651700,0.19880000,912.00000000,buy,2022-05-15 20:55:06.353642+00:00
2022-05-15T20:55:06.353642Z,18651699,0.19880000,1473.00000000,buy,2022-05-15 20:55:06.353642+00:00
2022-05-15T20:55:04.553206Z,18651698,0.19880000,100.00000000,sell,2022-05-15 20:55:04.553206+00:00
2022-05-15T20:54:58.679419Z,18651697,0.19870000,20.90000000,buy,2022-05-15 20:54:58.679419+00:00
2022-05-15T20:54:58.629732Z,18651696,0.19880000,67.70000000,sell,2022-05-15 20:54:58.629732+00:00
2022-05-15T20:54:52.20024Z,18651695,0.19870000,543.20000000,sell,2022-05-15 20:54:52.200240+00:00
2022-05-15T20:54:52.128268Z,18651694,0.19870000,131.10000000,sell,2022-05-15 20:54:52.128268+00:00
2022-05-15T20:54:52.128268Z,18651693,0.19870000,659.00000000,sell,2022-05-15 20:54:52.128268+00:00
2022-05-15T20:54:51.963649Z,18651692,0.19870000,678.00000000,sell,2022-05-15 20:54:51.963649+00:00
2022-05-15T20:54:51.963649Z,18651691,0.19870000,677.00000000,sell,2022-05-15 20:54:51.963649+00:00
2022-05-15T20:54:51.92517Z,18651690,0.19870000,677.10000000,buy,2022-05-15 20:54:51.925170+00:00
2022-05-15T20:54:51.92517Z,18651689,0.19870000,3770.60000000,buy,2022-05-15 20:54:51.925170+00:00
2022-05-15T20:54:50.221553Z,18651688,0.19880000,676.30000000,buy,2022-05-15 20:54:50.221553+00:00
2022-05-15T20:54:50.221553Z,18651687,0.19880000,3769.30000000,buy,2022-05-15 20:54:50.221553+00:00
2022-05-15T20:54:50.221553Z,18651686,0.19880000,646.70000000,buy,2022-05-15 20:54:50.221553+00:00
2022-05-15T20:54:50.221553Z,18651685,0.19880000,449.10000000,buy,2022-05-15 20:54:50.221553+00:00
2022-05-15T20:54:50.147437Z,18651684,0.19890000,77.00000000,sell,2022-05-15 20:54:50.147437+00:00
2022-05-15T20:54:48.374384Z,18651683,0.19880000,435.00000000,buy,2022-05-15 20:54:48.374384+00:00
2022-05-15T20:54:48.374384Z,18651682,0.19880000,833.00000000,buy,2022-05-15 20:54:48.374384+00:00
2022-05-15T20:54:48.332486Z,18651681,0.19880000,7335.00000000,buy,2022-05-15 20:54:48.332486+00:00
2022-05-15T20:54:48.332486Z,18651680,0.19880000,2280.00000000,buy,2022-05-15 20:54:48.332486+00:00
2022-05-15T20:54:48.332486Z,18651679,0.19880000,1473.00000000,buy,2022-05-15 20:54:48.332486+00:00
2022-05-15T20:54:48.332486Z,18651678,0.19880000,912.00000000,buy,2022-05-15 20:54:48.332486+00:00
2022-05-15T20:54:47.850451Z,18651677,0.19890000,384.00000000,buy,2022-05-15 20:54:47.850451+00:00
2022-05-15T20:54:47.437907Z,18651676,0.19890000,540.30000000,sell,2022-05-15 20:54:47.437907+00:00
2022-05-15T20:54:47.437907Z,18651675,0.19890000,658.90000000,sell,2022-05-15 20:54:47.437907+00:00
2022-05-15T20:54:47.429801Z,18651674,0.19890000,1621.10000000,sell,2022-05-15 20:54:47.429801+00:00
2022-05-15T20:54:47.429801Z,18651673,0.19890000,21.00000000,sell,2022-05-15 20:54:47.429801+00:00
2022-05-15T20:54:47.426218Z,18651672,0.19890000,2735.60000000,sell,2022-05-15 20:54:47.426218+00:00
2022-05-15T20:54:47.426218Z,18651671,0.19890000,1006.50000000,sell,2022-05-15 20:54:47.426218+00:00
2022-05-15T20:54:47.426218Z,18651670,0.19890000,912.00000000,sell,2022-05-15 20:54:47.426218+00:00
2022-05-15T20:54:47.426218Z,18651669,0.19890000,1473.00000000,sell,2022-05-15 20:54:47.426218+00:00
2022-05-15T20:54:47.400909Z,18651668,0.19880000,712.00000000,sell,2022-05-15 20:54:47.400909+00:00
2022-05-15T20:54:44.077506Z,18651667,0.19870000,146.90000000,sell,2022-05-15 20:54:44.077506+00:00
2022-05-15T20:54:43.045363Z,18651666,0.19870000,509.20000000,sell,2022-05-15 20:54:43.045363+00:00
2022-05-15T20:54:42.706175Z,18651665,0.19870000,448.20000000,sell,2022-05-15 20:54:42.706175+00:00
2022-05-15T20:54:42.706175Z,18651664,0.19870000,1006.90000000,sell,2022-05-15 20:54:42.706175+00:00
2022-05-15T20:54:42.706175Z,18651663,0.19870000,912.00000000,sell,2022-05-15 20:54:42.706175+00:00
2022-05-15T20:54:42.706175Z,18651662,0.19870000,2280.00000000,sell,2022-05-15 20:54:42.706175+00:00
2022-05-15T20:54:42.706175Z,18651661,0.19860000,601.80000000,sell,2022-05-15 20:54:42.706175+00:00
2022-05-15T20:54:41.311901Z,18651660,0.19860000,117.70000000,sell,2022-05-15 20:54:41.311901+00:00
2022-05-15T20:54:34.535561Z,18651659,0.19870000,439.80000000,sell,2022-05-15 20:54:34.535561+00:00
2022-05-15T20:54:34.535561Z,18651658,0.19870000,912.00000000,sell,2022-05-15 20:54:34.535561+00:00
2022-05-15T20:54:34.535561Z,18651657,0.19870000,1980.00000000,sell,2022-05-15 20:54:34.535561+00:00
2022-05-15T20:54:34.535561Z,18651656,0.19870000,1006.70000000,sell,2022-05-15 20:54:34.535561+00:00
2022-05-15T20:54:34.535561Z,18651655,0.19870000,661.50000000,sell,2022-05-15 20:54:34.535561+00:00
2022-05-15T20:54:29.400608Z,18651654,0.19860000,32.40000000,buy,2022-05-15 20:54:29.400608+00:00
2022-05-15T20:54:26.773245Z,18651653,0.19880000,899.70000000,sell,2022-05-15 20:54:26.773245+00:00
2022-05-15T20:54:26.773245Z,18651652,0.19870000,117.70000000,sell,2022-05-15 20:54:26.773245+00:00
2022-05-15T20:54:25.263942Z,18651651,0.19870000,10.20000000,sell,2022-05-15 20:54:25.263942+00:00
2022-05-15T20:54:22.47504Z,18651650,0.19870000,10.00000000,sell,2022-05-15 20:54:22.475040+00:00
2022-05-15T20:54:18.021085Z,18651649,0.19860000,90.00000000,sell,2022-05-15 20:54:18.021085+00:00
2022-05-15T20:54:16.850401Z,18651648,0.19860000,20.10000000,sell,2022-05-15 20:54:16.850401+00:00
2022-05-15T20:54:16.248416Z,18651647,0.19860000,396.00000000,sell,2022-05-15 20:54:16.248416+00:00
2022-05-15T20:54:14.296386Z,18651646,0.19870000,2280.00000000,buy,2022-05-15 20:54:14.296386+00:00
2022-05-15T20:54:12.164937Z,18651645,0.19880000,316.00000000,sell,2022-05-15 20:54:12.164937+00:00
2022-05-15T20:54:09.146058Z,18651644,0.19880000,349.30000000,sell,2022-05-15 20:54:09.146058+00:00
2022-05-15T20:54:09.146058Z,18651643,0.19880000,636.80000000,sell,2022-05-15 20:54:09.146058+00:00
2022-05-15T20:54:05.326616Z,18651642,0.19880000,647.10000000,buy,2022-05-15 20:54:05.326616+00:00
2022-05-15T20:54:02.827923Z,18651641,0.19890000,622.30000000,buy,2022-05-15 20:54:02.827923+00:00
2022-05-15T20:53:58.448008Z,18651640,0.19880000,614.00000000,sell,2022-05-15 20:53:58.448008+00:00
2022-05-15T20:53:55.57125Z,18651639,0.19870000,912.00000000,buy,2022-05-15 20:53:55.571250+00:00
2022-05-15T20:53:55.513382Z,18651638,0.19870000,2280.00000000,buy,2022-05-15 20:53:55.513382+00:00
2022-05-15T20:53:55.513382Z,18651637,0.19870000,912.00000000,buy,2022-05-15 20:53:55.513382+00:00
2022-05-15T20:53:49.849213Z,18651636,0.19880000,72.50000000,sell,2022-05-15 20:53:49.849213+00:00
2022-05-15T20:53:49.849213Z,18651635,0.19880000,2280.00000000,sell,2022-05-15 20:53:49.849213+00:00
2022-05-15T20:53:49.849213Z,18651634,0.19880000,912.00000000,sell,2022-05-15 20:53:49.849213+00:00
2022-05-15T20:53:49.849213Z,18651633,0.19870000,665.10000000,sell,2022-05-15 20:53:49.849213+00:00
2022-05-15T20:53:49.849213Z,18651632,0.19870000,647.20000000,sell,2022-05-15 20:53:49.849213+00:00
2022-05-15T20:53:49.849213Z,18651631,0.19870000,671.40000000,sell,2022-05-15 20:53:49.849213+00:00
2022-05-15T20:53:49.698808Z,18651630,0.19870000,20.90000000,sell,2022-05-15 20:53:49.698808+00:00
2022-05-15T20:53:46.552723Z,18651629,0.19860000,411.60000000,sell,2022-05-15 20:53:46.552723+00:00
2022-05-15T20:53:44.474376Z,18651628,0.19860000,45.70000000,buy,2022-05-15 20:53:44.474376+00:00
2022-05-15T20:53:39.374346Z,18651627,0.19870000,616.00000000,buy,2022-05-15 20:53:39.374346+00:00
2022-05-15T20:53:36.626852Z,18651626,0.19870000,161.00000000,sell,2022-05-15 20:53:36.626852+00:00
2022-05-15T20:53:34.589137Z,18651625,0.19870000,290.00000000,buy,2022-05-15 20:53:34.589137+00:00
2022-05-15T20:53:33.614765Z,18651624,0.19870000,454.20000000,sell,2022-05-15 20:53:33.614765+00:00
2022-05-15T20:53:33.602194Z,18651623,0.19870000,197.40000000,sell,2022-05-15 20:53:33.602194+00:00
2022-05-15T20:53:27.900755Z,18651622,0.19850000,2.80000000,buy,2022-05-15 20:53:27.900755+00:00
2022-05-15T20:53:27.900755Z,18651621,0.19850000,660.50000000,buy,2022-05-15 20:53:27.900755+00:00
2022-05-15T20:53:20.784527Z,18651620,0.19860000,379.00000000,buy,2022-05-15 20:53:20.784527+00:00
2022-05-15T20:53:20.784527Z,18651619,0.19860000,669.50000000,buy,2022-05-15 20:53:20.784527+00:00
2022-05-15T20:53:19.465448Z,18651618,0.19880000,133.90000000,sell,2022-05-15 20:53:19.465448+00:00
2022-05-15T20:53:19.465448Z,18651617,0.19870000,1980.00000000,sell,2022-05-15 20:53:19.465448+00:00
2022-05-15T20:53:19.465448Z,18651616,0.19870000,2280.00000000,sell,2022-05-15 20:53:19.465448+00:00
2022-05-15T20:53:19.465448Z,18651615,0.19870000,699.00000000,sell,2022-05-15 20:53:19.465448+00:00
2022-05-15T20:53:19.465448Z,18651614,0.19870000,620.70000000,sell,2022-05-15 20:53:19.465448+00:00
2022-05-15T20:53:19.465448Z,18651613,0.19870000,1980.00000000,sell,2022-05-15 20:53:19.465448+00:00
2022-05-15T20:53:19.465448Z,18651612,0.19870000,1007.30000000,sell,2022-05-15 20:53:19.465448+00:00
2022-05-15T20:53:19.465448Z,18651611,0.19870000,912.00000000,sell,2022-05-15 20:53:19.465448+00:00
2022-05-15T20:53:19.465448Z,18651610,0.19870000,1473.00000000,sell,2022-05-15 20:53:19.465448+00:00
2022-05-15T20:53:16.125615Z,18651609,0.19860000,102.20000000,sell,2022-05-15 20:53:16.125615+00:00
2022-05-15T20:53:12.277344Z,18651608,0.19860000,240.70000000,sell,2022-05-15 20:53:12.277344+00:00
2022-05-15T20:53:11.679921Z,18651607,0.19860000,486.30000000,sell,2022-05-15 20:53:11.679921+00:00
2022-05-15T20:52:59.452758Z,18651606,0.19840000,660.50000000,sell,2022-05-15 20:52:59.452758+00:00
2022-05-15T20:52:59.452758Z,18651605,0.19840000,154.90000000,sell,2022-05-15 20:52:59.452758+00:00
2022-05-15T20:52:59.452758Z,18651604,0.19840000,371.60000000,sell,2022-05-15 20:52:59.452758+00:00
2022-05-15T20:52:47.861579Z,18651603,0.19850000,86.10000000,sell,2022-05-15 20:52:47.861579+00:00
2022-05-15T20:52:47.861579Z,18651602,0.19850000,413.90000000,sell,2022-05-15 20:52:47.861579+00:00
2022-05-15T20:52:45.242028Z,18651601,0.19850000,250.00000000,sell,2022-05-15 20:52:45.242028+00:00
2022-05-15T20:52:44.117366Z,18651600,0.19850000,20.90000000,sell,2022-05-15 20:52:44.117366+00:00
2022-05-15T20:52:41.79999Z,18651599,0.19840000,637.20000000,sell,2022-05-15 20:52:41.799990+00:00
2022-05-15T20:52:41.79999Z,18651598,0.19840000,422.30000000,sell,2022-05-15 20:52:41.799990+00:00
2022-05-15T20:52:41.79999Z,18651597,0.19840000,15.50000000,sell,2022-05-15 20:52:41.799990+00:00
2022-05-15T20:52:41.783269Z,18651596,0.19840000,500.00000000,sell,2022-05-15 20:52:41.783269+00:00
2022-05-15T20:52:34.459213Z,18651595,0.19840000,1212.10000000,buy,2022-05-15 20:52:34.459213+00:00
2022-05-15T20:52:34.459213Z,18651594,0.19840000,1980.00000000,buy,2022-05-15 20:52:34.459213+00:00
2022-05-15T20:52:34.459213Z,18651593,0.19840000,1007.60000000,buy,2022-05-15 20:52:34.459213+00:00
2022-05-15T20:52:34.459213Z,18651592,0.19840000,1008.00000000,buy,2022-05-15 20:52:34.459213+00:00
2022-05-15T20:52:34.459213Z,18651591,0.19840000,2.00000000,buy,2022-05-15 20:52:34.459213+00:00
2022-05-15T20:52:34.459213Z,18651590,0.19840000,3776.80000000,buy,2022-05-15 20:52:34.459213+00:00
2022-05-15T20:52:34.459213Z,18651589,0.19840000,1473.00000000,buy,2022-05-15 20:52:34.459213+00:00
2022-05-15T20:52:34.459213Z,18651588,0.19850000,626.40000000,buy,2022-05-15 20:52:34.459213+00:00
2022-05-15T20:52:32.386809Z,18651587,0.19850000,20.90000000,buy,2022-05-15 20:52:32.386809+00:00
2022-05-15T20:52:20.871074Z,18651586,0.19860000,52.70000000,sell,2022-05-15 20:52:20.871074+00:00
2022-05-15T20:52:20.569524Z,18651585,0.19850000,8.00000000,sell,2022-05-15 20:52:20.569524+00:00
2022-05-15T20:52:20.554126Z,18651584,0.19850000,423.90000000,sell,2022-05-15 20:52:20.554126+00:00
2022-05-15T20:52:18.119521Z,18651583,0.19850000,407.30000000,sell,2022-05-15 20:52:18.119521+00:00
2022-05-15T20:52:18.119521Z,18651582,0.19850000,687.40000000,sell,2022-05-15 20:52:18.119521+00:00
2022-05-15T20:52:18.119521Z,18651581,0.19850000,153.30000000,sell,2022-05-15 20:52:18.119521+00:00
2022-05-15T20:52:14.59401Z,18651580,0.19860000,240.50000000,sell,2022-05-15 20:52:14.594010+00:00
2022-05-15T20:52:11.441213Z,18651579,0.19860000,415.60000000,buy,2022-05-15 20:52:11.441213+00:00
2022-05-15T20:52:11.41481Z,18651578,0.19860000,0.10000000,buy,2022-05-15 20:52:11.414810+00:00
2022-05-15T20:52:11.414114Z,18651577,0.19860000,305.60000000,buy,2022-05-15 20:52:11.414114+00:00
2022-05-15T20:52:11.384523Z,18651576,0.19860000,454.00000000,buy,2022-05-15 20:52:11.384523+00:00
2022-05-15T20:52:10.493606Z,18651575,0.19870000,5.30000000,sell,2022-05-15 20:52:10.493606+00:00
2022-05-15T20:52:08.661349Z,18651574,0.19860000,88.60000000,sell,2022-05-15 20:52:08.661349+00:00
2022-05-15T20:52:08.661349Z,18651573,0.19860000,197.70000000,sell,2022-05-15 20:52:08.661349+00:00
2022-05-15T20:52:08.661349Z,18651572,0.19850000,700.60000000,sell,2022-05-15 20:52:08.661349+00:00
2022-05-15T20:52:08.380247Z,18651571,0.19850000,613.50000000,buy,2022-05-15 20:52:08.380247+00:00
2022-05-15T20:51:58.845776Z,18651570,0.19850000,472.00000000,sell,2022-05-15 20:51:58.845776+00:00
2022-05-15T20:51:58.803849Z,18651569,0.19850000,383.70000000,sell,2022-05-15 20:51:58.803849+00:00
2022-05-15T20:51:58.803849Z,18651568,0.19850000,684.30000000,sell,2022-05-15 20:51:58.803849+00:00
2022-05-15T20:51:57.512801Z,18651567,0.19850000,1008.00000000,buy,2022-05-15 20:51:57.512801+00:00
2022-05-15T20:51:57.512801Z,18651566,0.19850000,1008.00000000,buy,2022-05-15 20:51:57.512801+00:00
2022-05-15T20:51:57.512801Z,18651565,0.19850000,393.60000000,buy,2022-05-15 20:51:57.512801+00:00
2022-05-15T20:51:56.200397Z,18651564,0.19850000,259.80000000,buy,2022-05-15 20:51:56.200397+00:00
2022-05-15T20:51:56.200397Z,18651563,0.19850000,1008.00000000,buy,2022-05-15 20:51:56.200397+00:00
2022-05-15T20:51:52.218239Z,18651562,0.19860000,10.40000000,sell,2022-05-15 20:51:52.218239+00:00
2022-05-15T20:51:48.653638Z,18651561,0.19850000,317.90000000,buy,2022-05-15 20:51:48.653638+00:00
2022-05-15T20:51:37.191642Z,18651560,0.19870000,5.30000000,sell,2022-05-15 20:51:37.191642+00:00
2022-05-15T20:51:37.191642Z,18651559,0.19870000,13.20000000,sell,2022-05-15 20:51:37.191642+00:00
2022-05-15T20:51:37.191642Z,18651558,0.19860000,473.00000000,sell,2022-05-15 20:51:37.191642+00:00
2022-05-15T20:51:33.318904Z,18651557,0.19860000,1980.00000000,buy,2022-05-15 20:51:33.318904+00:00
2022-05-15T20:51:33.318904Z,18651556,0.19860000,1006.70000000,buy,2022-05-15 20:51:33.318904+00:00
2022-05-15T20:51:33.318904Z,18651555,0.19860000,370.50000000,buy,2022-05-15 20:51:33.318904+00:00
2022-05-15T20:51:33.318904Z,18651554,0.19860000,912.00000000,buy,2022-05-15 20:51:33.318904+00:00
2022-05-15T20:51:32.143814Z,18651553,0.19860000,80.00000000,sell,2022-05-15 20:51:32.143814+00:00
2022-05-15T20:51:31.817902Z,18651552,0.19860000,20.90000000,sell,2022-05-15 20:51:31.817902+00:00
2022-05-15T20:51:31.182683Z,18651551,0.19870000,47.00000000,sell,2022-05-15 20:51:31.182683+00:00
2022-05-15T20:51:29.791925Z,18651550,0.19860000,488.60000000,buy,2022-05-15 20:51:29.791925+00:00
2022-05-15T20:51:28.631513Z,18651549,0.19870000,605.10000000,sell,2022-05-15 20:51:28.631513+00:00
2022-05-15T20:51:28.631513Z,18651548,0.19860000,628.40000000,sell,2022-05-15 20:51:28.631513+00:00
2022-05-15T20:51:13.583661Z,18651547,0.19860000,4000.00000000,sell,2022-05-15 20:51:13.583661+00:00
2022-05-15T20:51:13.197214Z,18651546,0.19860000,891.10000000,buy,2022-05-15 20:51:13.197214+00:00
2022-05-15T20:51:13.081551Z,18651545,0.19860000,20.90000000,buy,2022-05-15 20:51:13.081551+00:00
2022-05-15T20:51:12.509325Z,18651544,0.19860000,34.00000000,sell,2022-05-15 20:51:12.509325+00:00
2022-05-15T20:51:12.493588Z,18651543,0.19860000,260.60000000,sell,2022-05-15 20:51:12.493588+00:00
2022-05-15T20:51:12.463708Z,18651542,0.19870000,284.90000000,sell,2022-05-15 20:51:12.463708+00:00
2022-05-15T20:51:12.463708Z,18651541,0.19870000,681.30000000,sell,2022-05-15 20:51:12.463708+00:00
2022-05-15T20:51:12.463708Z,18651540,0.19870000,912.00000000,sell,2022-05-15 20:51:12.463708+00:00
2022-05-15T20:51:12.463708Z,18651539,0.19870000,82.00000000,sell,2022-05-15 20:51:12.463708+00:00
2022-05-15T20:51:12.463708Z,18651538,0.19860000,544.90000000,sell,2022-05-15 20:51:12.463708+00:00
2022-05-15T20:51:11.556772Z,18651537,0.19860000,673.40000000,buy,2022-05-15 20:51:11.556772+00:00
2022-05-15T20:51:11.556772Z,18651536,0.19860000,912.00000000,buy,2022-05-15 20:51:11.556772+00:00
2022-05-15T20:51:09.50417Z,18651535,0.19870000,67.70000000,sell,2022-05-15 20:51:09.504170+00:00
2022-05-15T20:51:07.742443Z,18651534,0.19870000,311.60000000,buy,2022-05-15 20:51:07.742443+00:00
2022-05-15T20:51:07.742443Z,18651533,0.19870000,1700.00000000,buy,2022-05-15 20:51:07.742443+00:00
2022-05-15T20:51:07.742443Z,18651532,0.19870000,665.40000000,buy,2022-05-15 20:51:07.742443+00:00
2022-05-15T20:51:02.10117Z,18651531,0.19860000,644.00000000,sell,2022-05-15 20:51:02.101170+00:00
2022-05-15T20:50:56.488872Z,18651530,0.19860000,20.10000000,sell,2022-05-15 20:50:56.488872+00:00
2022-05-15T20:50:52.886562Z,18651529,0.19850000,377.00000000,sell,2022-05-15 20:50:52.886562+00:00
2022-05-15T20:50:45.831565Z,18651528,0.19850000,143.00000000,sell,2022-05-15 20:50:45.831565+00:00
2022-05-15T20:50:45.820642Z,18651527,0.19850000,117.70000000,sell,2022-05-15 20:50:45.820642+00:00
2022-05-15T20:50:39.547676Z,18651526,0.19860000,613.50000000,buy,2022-05-15 20:50:39.547676+00:00
2022-05-15T20:50:33.190537Z,18651525,0.19870000,92.60000000,sell,2022-05-15 20:50:33.190537+00:00
2022-05-15T20:50:32.671409Z,18651524,0.19860000,480.80000000,buy,2022-05-15 20:50:32.671409+00:00
2022-05-15T20:50:32.524401Z,18651523,0.19860000,317.80000000,buy,2022-05-15 20:50:32.524401+00:00
2022-05-15T20:50:32.397647Z,18651522,0.19860000,117.80000000,sell,2022-05-15 20:50:32.397647+00:00
2022-05-15T20:50:31.977942Z,18651521,0.19860000,625.50000000,sell,2022-05-15 20:50:31.977942+00:00
2022-05-15T20:50:31.977942Z,18651520,0.19850000,361.10000000,sell,2022-05-15 20:50:31.977942+00:00
2022-05-15T20:50:30.334976Z,18651519,0.19850000,12.50000000,sell,2022-05-15 20:50:30.334976+00:00
2022-05-15T20:50:28.865749Z,18651518,0.19860000,91.90000000,sell,2022-05-15 20:50:28.865749+00:00
2022-05-15T20:50:28.865749Z,18651517,0.19850000,0.80000000,sell,2022-05-15 20:50:28.865749+00:00
2022-05-15T20:50:28.095786Z,18651516,0.19850000,339.00000000,sell,2022-05-15 20:50:28.095786+00:00
2022-05-15T20:50:25.606503Z,18651515,0.19850000,50.10000000,sell,2022-05-15 20:50:25.606503+00:00
2022-05-15T20:50:23.908727Z,18651514,0.19850000,434.20000000,sell,2022-05-15 20:50:23.908727+00:00
2022-05-15T20:50:23.908727Z,18651513,0.19850000,591.80000000,sell,2022-05-15 20:50:23.908727+00:00
2022-05-15T20:50:18.833266Z,18651512,0.19850000,100.00000000,sell,2022-05-15 20:50:18.833266+00:00
2022-05-15T20:50:18.260309Z,18651511,0.19850000,912.00000000,buy,2022-05-15 20:50:18.260309+00:00
2022-05-15T20:50:10.559803Z,18651510,0.19880000,240.70000000,sell,2022-05-15 20:50:10.559803+00:00
2022-05-15T20:50:09.237529Z,18651509,0.19870000,287.60000000,buy,2022-05-15 20:50:09.237529+00:00
2022-05-15T20:50:09.070785Z,18651508,0.19870000,0.70000000,buy,2022-05-15 20:50:09.070785+00:00
2022-05-15T20:50:09.066901Z,18651507,0.19870000,377.00000000,buy,2022-05-15 20:50:09.066901+00:00
2022-05-15T20:50:09.002636Z,18651506,0.19870000,0.70000000,buy,2022-05-15 20:50:09.002636+00:00
2022-05-15T20:50:08.990797Z,18651505,0.19870000,892.00000000,buy,2022-05-15 20:50:08.990797+00:00
2022-05-15T20:50:07.474027Z,18651504,0.19880000,140.40000000,sell,2022-05-15 20:50:07.474027+00:00
2022-05-15T20:50:03.508497Z,18651503,0.19850000,409.00000000,sell,2022-05-15 20:50:03.508497+00:00
2022-05-15T20:50:03.43489Z,18651502,0.19850000,0.60000000,sell,2022-05-15 20:50:03.434890+00:00
2022-05-15T20:50:02.309782Z,18651501,0.19840000,20.90000000,buy,2022-05-15 20:50:02.309782+00:00
2022-05-15T20:50:01.823044Z,18651500,0.19850000,1.00000000,sell,2022-05-15 20:50:01.823044+00:00
2022-05-15T20:49:52.547595Z,18651499,0.19830000,146.50000000,buy,2022-05-15 20:49:52.547595+00:00
2022-05-15T20:49:51.165802Z,18651498,0.19840000,20.90000000,sell,2022-05-15 20:49:51.165802+00:00
2022-05-15T20:49:41.953811Z,18651497,0.19840000,250.80000000,sell,2022-05-15 20:49:41.953811+00:00
2022-05-15T20:49:33.742133Z,18651496,0.19820000,202.80000000,buy,2022-05-15 20:49:33.742133+00:00
2022-05-15T20:49:29.104537Z,18651495,0.19820000,1896.00000000,buy,2022-05-15 20:49:29.104537+00:00
2022-05-15T20:49:29.104537Z,18651494,0.19820000,1800.00000000,buy,2022-05-15 20:49:29.104537+00:00
2022-05-15T20:49:29.104537Z,18651493,0.19820000,1008.50000000,buy,2022-05-15 20:49:29.104537+00:00
2022-05-15T20:49:29.104537Z,18651492,0.19820000,1980.00000000,buy,2022-05-15 20:49:29.104537+00:00
2022-05-15T20:49:29.104537Z,18651491,0.19820000,2280.00000000,buy,2022-05-15 20:49:29.104537+00:00
2022-05-15T20:49:29.104537Z,18651490,0.19820000,1473.00000000,buy,2022-05-15 20:49:29.104537+00:00
2022-05-15T20:49:29.104537Z,18651489,0.19820000,912.00000000,buy,2022-05-15 20:49:29.104537+00:00
2022-05-15T20:49:29.104537Z,18651488,0.19830000,650.50000000,buy,2022-05-15 20:49:29.104537+00:00
2022-05-15T20:49:11.197354Z,18651487,0.19840000,73.90000000,sell,2022-05-15 20:49:11.197354+00:00
2022-05-15T20:49:07.607268Z,18651486,0.19840000,45.20000000,sell,2022-05-15 20:49:07.607268+00:00
2022-05-15T20:49:04.727806Z,18651485,0.19850000,129.00000000,sell,2022-05-15 20:49:04.727806+00:00
