time,trade_id,price,size,side,date
2022-05-14T22:25:28.610326Z,10609605,1.34700000,257.60000000,buy,2022-05-14 22:25:28.610326+00:00
2022-05-14T22:25:28.557572Z,10609604,1.34800000,55.48000000,buy,2022-05-14 22:25:28.557572+00:00
2022-05-14T22:25:22.639154Z,10609603,1.34800000,40.00000000,buy,2022-05-14 22:25:22.639154+00:00
2022-05-14T22:25:22.619384Z,10609602,1.34800000,4934.41000000,buy,2022-05-14 22:25:22.619384+00:00
2022-05-14T22:25:22.619384Z,10609601,1.34800000,123.64000000,buy,2022-05-14 22:25:22.619384+00:00
2022-05-14T22:25:16.332758Z,10609600,1.34900000,373.06000000,buy,2022-05-14 22:25:16.332758+00:00
2022-05-14T22:25:07.616527Z,10609599,1.34900000,0.50000000,buy,2022-05-14 22:25:07.616527+00:00
2022-05-14T22:24:40.492348Z,10609598,1.35000000,231.63000000,sell,2022-05-14 22:24:40.492348+00:00
2022-05-14T22:24:01.86359Z,10609597,1.35000000,247.95000000,sell,2022-05-14 22:24:01.863590+00:00
2022-05-14T22:24:01.86359Z,10609596,1.35000000,0.01000000,sell,2022-05-14 22:24:01.863590+00:00
2022-05-14T22:24:01.062286Z,10609595,1.35000000,253.91000000,sell,2022-05-14 22:24:01.062286+00:00
2022-05-14T22:24:01.062286Z,10609594,1.35000000,57.62000000,sell,2022-05-14 22:24:01.062286+00:00
2022-05-14T22:23:37.550813Z,10609593,1.35100000,109.08000000,sell,2022-05-14 22:23:37.550813+00:00
2022-05-14T22:23:26.839211Z,10609592,1.35000000,99.63000000,sell,2022-05-14 22:23:26.839211+00:00
2022-05-14T22:23:26.781997Z,10609591,1.35000000,200.00000000,sell,2022-05-14 22:23:26.781997+00:00
2022-05-14T22:23:22.631479Z,10609590,1.34900000,148.52000000,buy,2022-05-14 22:23:22.631479+00:00
2022-05-14T22:23:22.592478Z,10609589,1.34900000,126.99000000,buy,2022-05-14 22:23:22.592478+00:00
2022-05-14T22:23:22.592478Z,10609588,1.34900000,373.01000000,buy,2022-05-14 22:23:22.592478+00:00
2022-05-14T22:23:15.81552Z,10609587,1.35000000,62.85000000,buy,2022-05-14 22:23:15.815520+00:00
2022-05-14T22:23:15.81552Z,10609586,1.35000000,40.00000000,buy,2022-05-14 22:23:15.815520+00:00
2022-05-14T22:23:13.909023Z,10609585,1.35100000,378.58000000,buy,2022-05-14 22:23:13.909023+00:00
2022-05-14T22:23:09.580248Z,10609584,1.35000000,168.00000000,buy,2022-05-14 22:23:09.580248+00:00
2022-05-14T22:23:09.576515Z,10609583,1.35000000,168.00000000,buy,2022-05-14 22:23:09.576515+00:00
2022-05-14T22:23:07.979842Z,10609582,1.35200000,134.73000000,sell,2022-05-14 22:23:07.979842+00:00
2022-05-14T22:23:07.979842Z,10609581,1.35200000,40.00000000,sell,2022-05-14 22:23:07.979842+00:00
2022-05-14T22:23:07.979842Z,10609580,1.35200000,84.71000000,sell,2022-05-14 22:23:07.979842+00:00
2022-05-14T22:23:07.308653Z,10609579,1.35200000,100.12000000,sell,2022-05-14 22:23:07.308653+00:00
2022-05-14T22:23:06.943486Z,10609578,1.35100000,190.44000000,sell,2022-05-14 22:23:06.943486+00:00
2022-05-14T22:23:03.680096Z,10609577,1.35000000,235.86000000,sell,2022-05-14 22:23:03.680096+00:00
2022-05-14T22:23:03.680096Z,10609576,1.35000000,1000.00000000,sell,2022-05-14 22:23:03.680096+00:00
2022-05-14T22:22:22.281011Z,10609575,1.35000000,355.29000000,buy,2022-05-14 22:22:22.281011+00:00
2022-05-14T22:21:57.25813Z,10609574,1.35100000,493.11000000,buy,2022-05-14 22:21:57.258130+00:00
2022-05-14T22:21:55.169524Z,10609573,1.35200000,122.52000000,buy,2022-05-14 22:21:55.169524+00:00
2022-05-14T22:21:55.169524Z,10609572,1.35200000,364.98000000,buy,2022-05-14 22:21:55.169524+00:00
2022-05-14T22:21:49.282842Z,10609571,1.35100000,216.26000000,buy,2022-05-14 22:21:49.282842+00:00
2022-05-14T22:21:49.282842Z,10609570,1.35100000,40.00000000,buy,2022-05-14 22:21:49.282842+00:00
2022-05-14T22:21:47.498828Z,10609569,1.35700000,1028.76000000,sell,2022-05-14 22:21:47.498828+00:00
2022-05-14T22:21:47.498828Z,10609568,1.35700000,728.71000000,sell,2022-05-14 22:21:47.498828+00:00
2022-05-14T22:21:47.498828Z,10609567,1.35700000,273.48000000,sell,2022-05-14 22:21:47.498828+00:00
2022-05-14T22:21:47.498828Z,10609566,1.35700000,303.52000000,sell,2022-05-14 22:21:47.498828+00:00
2022-05-14T22:21:47.498828Z,10609565,1.35600000,983.69000000,sell,2022-05-14 22:21:47.498828+00:00
2022-05-14T22:21:47.498828Z,10609564,1.35600000,1800.00000000,sell,2022-05-14 22:21:47.498828+00:00
2022-05-14T22:21:47.498828Z,10609563,1.35500000,1229.26000000,sell,2022-05-14 22:21:47.498828+00:00
2022-05-14T22:21:47.498828Z,10609562,1.35500000,338.74000000,sell,2022-05-14 22:21:47.498828+00:00
2022-05-14T22:21:47.498828Z,10609561,1.35500000,739.31000000,sell,2022-05-14 22:21:47.498828+00:00
2022-05-14T22:21:47.498828Z,10609560,1.35500000,297.65000000,sell,2022-05-14 22:21:47.498828+00:00
2022-05-14T22:21:47.498828Z,10609559,1.35500000,290.74000000,sell,2022-05-14 22:21:47.498828+00:00
2022-05-14T22:21:47.498828Z,10609558,1.35400000,147.66000000,sell,2022-05-14 22:21:47.498828+00:00
2022-05-14T22:21:47.498828Z,10609557,1.35400000,400.90000000,sell,2022-05-14 22:21:47.498828+00:00
2022-05-14T22:21:47.498828Z,10609556,1.35400000,176.66000000,sell,2022-05-14 22:21:47.498828+00:00
2022-05-14T22:21:47.498828Z,10609555,1.35400000,1000.00000000,sell,2022-05-14 22:21:47.498828+00:00
2022-05-14T22:21:47.498828Z,10609554,1.35300000,40.00000000,sell,2022-05-14 22:21:47.498828+00:00
2022-05-14T22:21:47.498828Z,10609553,1.35300000,200.65000000,sell,2022-05-14 22:21:47.498828+00:00
2022-05-14T22:21:47.498828Z,10609552,1.35300000,20.27000000,sell,2022-05-14 22:21:47.498828+00:00
2022-05-14T22:21:46.260232Z,10609551,1.35100000,40.00000000,buy,2022-05-14 22:21:46.260232+00:00
2022-05-14T22:21:40.264751Z,10609550,1.35100000,40.00000000,buy,2022-05-14 22:21:40.264751+00:00
2022-05-14T22:21:37.507121Z,10609549,1.35200000,40.00000000,buy,2022-05-14 22:21:37.507121+00:00
2022-05-14T22:21:36.013918Z,10609548,1.35200000,2.15000000,buy,2022-05-14 22:21:36.013918+00:00
2022-05-14T22:21:36.013918Z,10609547,1.35200000,357.12000000,buy,2022-05-14 22:21:36.013918+00:00
2022-05-14T22:21:36.013918Z,10609546,1.35300000,117.79000000,buy,2022-05-14 22:21:36.013918+00:00
2022-05-14T22:21:36.013918Z,10609545,1.35300000,186.85000000,buy,2022-05-14 22:21:36.013918+00:00
2022-05-14T22:21:36.013918Z,10609544,1.35300000,510.74000000,buy,2022-05-14 22:21:36.013918+00:00
2022-05-14T22:21:34.254042Z,10609543,1.35300000,584.43000000,buy,2022-05-14 22:21:34.254042+00:00
2022-05-14T22:21:34.16827Z,10609542,1.35400000,110.92000000,sell,2022-05-14 22:21:34.168270+00:00
2022-05-14T22:21:34.16827Z,10609541,1.35400000,270.07000000,sell,2022-05-14 22:21:34.168270+00:00
2022-05-14T22:21:34.16827Z,10609540,1.35400000,87.03000000,sell,2022-05-14 22:21:34.168270+00:00
2022-05-14T22:21:33.116071Z,10609539,1.35300000,226.26000000,sell,2022-05-14 22:21:33.116071+00:00
2022-05-14T22:21:32.956968Z,10609538,1.35300000,306.64000000,sell,2022-05-14 22:21:32.956968+00:00
2022-05-14T22:21:32.118544Z,10609537,1.35400000,188.25000000,sell,2022-05-14 22:21:32.118544+00:00
2022-05-14T22:21:32.118544Z,10609536,1.35300000,40.00000000,sell,2022-05-14 22:21:32.118544+00:00
2022-05-14T22:21:32.075079Z,10609535,1.35200000,216.55000000,sell,2022-05-14 22:21:32.075079+00:00
2022-05-14T22:21:32.02825Z,10609534,1.35300000,40.00000000,sell,2022-05-14 22:21:32.028250+00:00
2022-05-14T22:21:32.023815Z,10609533,1.35300000,127.88000000,sell,2022-05-14 22:21:32.023815+00:00
2022-05-14T22:21:32.023815Z,10609532,1.35300000,220.10000000,sell,2022-05-14 22:21:32.023815+00:00
2022-05-14T22:21:31.939011Z,10609531,1.35200000,161.40000000,sell,2022-05-14 22:21:31.939011+00:00
2022-05-14T22:21:31.92745Z,10609530,1.35200000,147.68000000,sell,2022-05-14 22:21:31.927450+00:00
2022-05-14T22:21:31.916156Z,10609529,1.35200000,147.68000000,sell,2022-05-14 22:21:31.916156+00:00
2022-05-14T22:21:31.912499Z,10609528,1.35200000,147.08000000,sell,2022-05-14 22:21:31.912499+00:00
2022-05-14T22:21:31.885153Z,10609527,1.35100000,836.28000000,sell,2022-05-14 22:21:31.885153+00:00
2022-05-14T22:21:31.877077Z,10609526,1.35100000,769.40000000,sell,2022-05-14 22:21:31.877077+00:00
2022-05-14T22:21:31.04189Z,10609525,1.35000000,40.00000000,buy,2022-05-14 22:21:31.041890+00:00
2022-05-14T22:21:31.04189Z,10609524,1.35000000,58.79000000,buy,2022-05-14 22:21:31.041890+00:00
2022-05-14T22:21:31.04189Z,10609523,1.35000000,8.88000000,buy,2022-05-14 22:21:31.041890+00:00
2022-05-14T22:21:31.04189Z,10609522,1.35000000,100.00000000,buy,2022-05-14 22:21:31.041890+00:00
2022-05-14T22:21:30.984273Z,10609521,1.35100000,253.51000000,buy,2022-05-14 22:21:30.984273+00:00
2022-05-14T22:21:30.968031Z,10609520,1.35200000,257.42000000,buy,2022-05-14 22:21:30.968031+00:00
2022-05-14T22:21:30.968031Z,10609519,1.35200000,362.51000000,buy,2022-05-14 22:21:30.968031+00:00
2022-05-14T22:21:30.956342Z,10609518,1.35400000,148.52000000,buy,2022-05-14 22:21:30.956342+00:00
2022-05-14T22:21:30.95582Z,10609517,1.35400000,500.00000000,buy,2022-05-14 22:21:30.955820+00:00
2022-05-14T22:21:30.932325Z,10609516,1.35400000,749.99000000,buy,2022-05-14 22:21:30.932325+00:00
2022-05-14T22:21:30.928501Z,10609515,1.35400000,135.17000000,buy,2022-05-14 22:21:30.928501+00:00
2022-05-14T22:21:30.928501Z,10609514,1.35400000,351.38000000,buy,2022-05-14 22:21:30.928501+00:00
2022-05-14T22:21:30.928501Z,10609513,1.35500000,262.70000000,buy,2022-05-14 22:21:30.928501+00:00
2022-05-14T22:21:30.928501Z,10609512,1.35500000,0.74000000,buy,2022-05-14 22:21:30.928501+00:00
2022-05-14T22:21:30.909085Z,10609511,1.35600000,248.65000000,buy,2022-05-14 22:21:30.909085+00:00
2022-05-14T22:21:30.909085Z,10609510,1.35600000,336.61000000,buy,2022-05-14 22:21:30.909085+00:00
2022-05-14T22:21:30.909085Z,10609509,1.35600000,309.91000000,buy,2022-05-14 22:21:30.909085+00:00
2022-05-14T22:21:30.909085Z,10609508,1.35600000,200.00000000,buy,2022-05-14 22:21:30.909085+00:00
2022-05-14T22:21:30.896682Z,10609507,1.35600000,1000.00000000,buy,2022-05-14 22:21:30.896682+00:00
2022-05-14T22:21:30.893257Z,10609506,1.35600000,600.00000000,buy,2022-05-14 22:21:30.893257+00:00
2022-05-14T22:21:30.87786Z,10609505,1.35700000,199.65000000,buy,2022-05-14 22:21:30.877860+00:00
2022-05-14T22:21:30.877638Z,10609504,1.35700000,749.99000000,buy,2022-05-14 22:21:30.877638+00:00
2022-05-14T22:21:30.87277Z,10609503,1.35700000,410.89000000,buy,2022-05-14 22:21:30.872770+00:00
2022-05-14T22:21:30.868923Z,10609502,1.35700000,403.26000000,buy,2022-05-14 22:21:30.868923+00:00
2022-05-14T22:21:30.868923Z,10609501,1.35700000,0.28000000,buy,2022-05-14 22:21:30.868923+00:00
2022-05-14T22:21:30.868923Z,10609500,1.35700000,373.06000000,buy,2022-05-14 22:21:30.868923+00:00
2022-05-14T22:21:30.868923Z,10609499,1.35700000,115.04000000,buy,2022-05-14 22:21:30.868923+00:00
2022-05-14T22:21:30.868923Z,10609498,1.35700000,40.00000000,buy,2022-05-14 22:21:30.868923+00:00
2022-05-14T22:21:30.868923Z,10609497,1.35700000,146.96000000,buy,2022-05-14 22:21:30.868923+00:00
2022-05-14T22:21:30.853923Z,10609496,1.35700000,407.44000000,buy,2022-05-14 22:21:30.853923+00:00
2022-05-14T22:21:30.853923Z,10609495,1.35700000,358.85000000,buy,2022-05-14 22:21:30.853923+00:00
2022-05-14T22:21:30.853241Z,10609494,1.35800000,185.61000000,buy,2022-05-14 22:21:30.853241+00:00
2022-05-14T22:21:08.002329Z,10609493,1.35900000,330.00000000,buy,2022-05-14 22:21:08.002329+00:00
2022-05-14T22:21:03.430386Z,10609492,1.35900000,640.47000000,sell,2022-05-14 22:21:03.430386+00:00
2022-05-14T22:21:03.430386Z,10609491,1.35900000,144.00000000,sell,2022-05-14 22:21:03.430386+00:00
2022-05-14T22:21:03.430386Z,10609490,1.35900000,30.00000000,sell,2022-05-14 22:21:03.430386+00:00
2022-05-14T22:21:03.430386Z,10609489,1.35900000,158.24000000,sell,2022-05-14 22:21:03.430386+00:00
2022-05-14T22:20:22.991914Z,10609488,1.35900000,114.09000000,buy,2022-05-14 22:20:22.991914+00:00
2022-05-14T22:20:15.460256Z,10609487,1.36000000,257.19000000,sell,2022-05-14 22:20:15.460256+00:00
2022-05-14T22:20:12.411204Z,10609486,1.36000000,500.00000000,sell,2022-05-14 22:20:12.411204+00:00
2022-05-14T22:20:05.794747Z,10609485,1.36000000,402.37000000,buy,2022-05-14 22:20:05.794747+00:00
2022-05-14T22:20:05.794747Z,10609484,1.36000000,123.74000000,buy,2022-05-14 22:20:05.794747+00:00
2022-05-14T22:20:05.794747Z,10609483,1.36000000,2940.64000000,buy,2022-05-14 22:20:05.794747+00:00
2022-05-14T22:20:03.409978Z,10609482,1.36100000,153.15000000,sell,2022-05-14 22:20:03.409978+00:00
2022-05-14T22:20:00.413932Z,10609481,1.36100000,20.09000000,sell,2022-05-14 22:20:00.413932+00:00
2022-05-14T22:19:58.334275Z,10609480,1.36000000,5094.80000000,buy,2022-05-14 22:19:58.334275+00:00
2022-05-14T22:19:57.185256Z,10609479,1.36100000,151.19000000,sell,2022-05-14 22:19:57.185256+00:00
2022-05-14T22:19:57.107467Z,10609478,1.36200000,40.00000000,sell,2022-05-14 22:19:57.107467+00:00
2022-05-14T22:19:57.091791Z,10609477,1.36000000,204.49000000,sell,2022-05-14 22:19:57.091791+00:00
2022-05-14T22:19:57.06835Z,10609476,1.36200000,252.65000000,sell,2022-05-14 22:19:57.068350+00:00
2022-05-14T22:19:57.036964Z,10609475,1.36100000,40.00000000,sell,2022-05-14 22:19:57.036964+00:00
2022-05-14T22:19:57.031473Z,10609474,1.36100000,290.92000000,sell,2022-05-14 22:19:57.031473+00:00
2022-05-14T22:19:57.016344Z,10609473,1.36000000,249.93000000,sell,2022-05-14 22:19:57.016344+00:00
2022-05-14T22:19:56.978318Z,10609472,1.35900000,261.16000000,sell,2022-05-14 22:19:56.978318+00:00
2022-05-14T22:19:56.910457Z,10609471,1.35900000,1800.00000000,sell,2022-05-14 22:19:56.910457+00:00
2022-05-14T22:19:56.910457Z,10609470,1.35900000,120.32000000,sell,2022-05-14 22:19:56.910457+00:00
2022-05-14T22:19:56.860181Z,10609469,1.35800000,395.74000000,sell,2022-05-14 22:19:56.860181+00:00
2022-05-14T22:19:56.86017Z,10609468,1.35800000,631.88000000,sell,2022-05-14 22:19:56.860170+00:00
2022-05-14T22:19:56.856921Z,10609467,1.35800000,129.78000000,sell,2022-05-14 22:19:56.856921+00:00
2022-05-14T22:19:56.848171Z,10609466,1.35800000,1520.97000000,sell,2022-05-14 22:19:56.848171+00:00
2022-05-14T22:19:56.848171Z,10609465,1.35800000,336.61000000,sell,2022-05-14 22:19:56.848171+00:00
2022-05-14T22:19:56.848171Z,10609464,1.35800000,216.29000000,sell,2022-05-14 22:19:56.848171+00:00
2022-05-14T22:19:56.82499Z,10609463,1.35700000,1130.59000000,sell,2022-05-14 22:19:56.824990+00:00
2022-05-14T22:19:56.82499Z,10609462,1.35600000,54.16000000,sell,2022-05-14 22:19:56.824990+00:00
2022-05-14T22:19:56.82119Z,10609461,1.35700000,25.48000000,sell,2022-05-14 22:19:56.821190+00:00
2022-05-14T22:19:56.82119Z,10609460,1.35700000,40.00000000,sell,2022-05-14 22:19:56.821190+00:00
2022-05-14T22:19:56.82119Z,10609459,1.35700000,172.39000000,sell,2022-05-14 22:19:56.821190+00:00
2022-05-14T22:19:56.786667Z,10609458,1.35600000,257.87000000,sell,2022-05-14 22:19:56.786667+00:00
2022-05-14T22:19:34.996591Z,10609457,1.35500000,244.20000000,buy,2022-05-14 22:19:34.996591+00:00
2022-05-14T22:19:34.996591Z,10609456,1.35500000,1.01000000,buy,2022-05-14 22:19:34.996591+00:00
2022-05-14T22:19:34.29798Z,10609455,1.35700000,30.00000000,buy,2022-05-14 22:19:34.297980+00:00
2022-05-14T22:19:34.29798Z,10609454,1.35700000,0.69000000,buy,2022-05-14 22:19:34.297980+00:00
2022-05-14T22:19:34.29798Z,10609453,1.35700000,2.12000000,buy,2022-05-14 22:19:34.297980+00:00
2022-05-14T22:19:34.29798Z,10609452,1.35700000,44.82000000,buy,2022-05-14 22:19:34.297980+00:00
2022-05-14T22:19:34.275265Z,10609451,1.35800000,749.99000000,buy,2022-05-14 22:19:34.275265+00:00
2022-05-14T22:19:34.272056Z,10609450,1.35800000,749.99000000,buy,2022-05-14 22:19:34.272056+00:00
2022-05-14T22:19:34.253871Z,10609449,1.35800000,861.98000000,buy,2022-05-14 22:19:34.253871+00:00
2022-05-14T22:19:34.253669Z,10609448,1.35800000,157.80000000,buy,2022-05-14 22:19:34.253669+00:00
2022-05-14T22:19:34.238123Z,10609447,1.35800000,843.30000000,buy,2022-05-14 22:19:34.238123+00:00
2022-05-14T22:19:34.237941Z,10609446,1.35800000,594.19000000,buy,2022-05-14 22:19:34.237941+00:00
2022-05-14T22:19:34.234227Z,10609445,1.35800000,805.73000000,buy,2022-05-14 22:19:34.234227+00:00
2022-05-14T22:19:34.233881Z,10609444,1.35800000,749.99000000,buy,2022-05-14 22:19:34.233881+00:00
2022-05-14T22:19:34.214937Z,10609443,1.35700000,6138.99000000,buy,2022-05-14 22:19:34.214937+00:00
2022-05-14T22:19:34.214937Z,10609442,1.35700000,344.23000000,buy,2022-05-14 22:19:34.214937+00:00
2022-05-14T22:19:34.214937Z,10609441,1.35700000,746.49000000,buy,2022-05-14 22:19:34.214937+00:00
2022-05-14T22:19:34.214937Z,10609440,1.35800000,370.00000000,buy,2022-05-14 22:19:34.214937+00:00
2022-05-14T22:19:34.214937Z,10609439,1.35800000,74.35000000,buy,2022-05-14 22:19:34.214937+00:00
2022-05-14T22:19:34.214937Z,10609438,1.35800000,119.78000000,buy,2022-05-14 22:19:34.214937+00:00
2022-05-14T22:19:34.214937Z,10609437,1.35800000,40.00000000,buy,2022-05-14 22:19:34.214937+00:00
2022-05-14T22:19:34.214937Z,10609436,1.35800000,201.60000000,buy,2022-05-14 22:19:34.214937+00:00
2022-05-14T22:19:34.003902Z,10609435,1.36000000,20.61000000,sell,2022-05-14 22:19:34.003902+00:00
2022-05-14T22:19:25.499634Z,10609434,1.35900000,196.97000000,buy,2022-05-14 22:19:25.499634+00:00
2022-05-14T22:19:25.499634Z,10609433,1.35900000,35.18000000,buy,2022-05-14 22:19:25.499634+00:00
2022-05-14T22:19:25.499634Z,10609432,1.36000000,0.15000000,buy,2022-05-14 22:19:25.499634+00:00
2022-05-14T22:19:21.459938Z,10609431,1.36000000,118.05000000,buy,2022-05-14 22:19:21.459938+00:00
2022-05-14T22:19:21.459938Z,10609430,1.36000000,40.00000000,buy,2022-05-14 22:19:21.459938+00:00
2022-05-14T22:19:21.459938Z,10609429,1.36000000,1.34000000,buy,2022-05-14 22:19:21.459938+00:00
2022-05-14T22:19:21.459938Z,10609428,1.36000000,0.88000000,buy,2022-05-14 22:19:21.459938+00:00
2022-05-14T22:19:21.459938Z,10609427,1.36000000,1.93000000,buy,2022-05-14 22:19:21.459938+00:00
2022-05-14T22:19:21.459938Z,10609426,1.36100000,0.51000000,buy,2022-05-14 22:19:21.459938+00:00
2022-05-14T22:19:21.459938Z,10609425,1.36100000,343.75000000,buy,2022-05-14 22:19:21.459938+00:00
2022-05-14T22:19:14.989259Z,10609424,1.36100000,300.36000000,buy,2022-05-14 22:19:14.989259+00:00
2022-05-14T22:19:14.974072Z,10609423,1.36100000,200.00000000,buy,2022-05-14 22:19:14.974072+00:00
2022-05-14T22:19:14.960466Z,10609422,1.36100000,400.00000000,buy,2022-05-14 22:19:14.960466+00:00
2022-05-14T22:19:09.044365Z,10609421,1.36100000,398.75000000,buy,2022-05-14 22:19:09.044365+00:00
2022-05-14T22:19:05.696702Z,10609420,1.36100000,9.11000000,buy,2022-05-14 22:19:05.696702+00:00
2022-05-14T22:19:05.696702Z,10609419,1.36100000,230.99000000,buy,2022-05-14 22:19:05.696702+00:00
2022-05-14T22:19:05.544222Z,10609418,1.36200000,185.42000000,buy,2022-05-14 22:19:05.544222+00:00
2022-05-14T22:19:05.544222Z,10609417,1.36200000,0.01000000,buy,2022-05-14 22:19:05.544222+00:00
2022-05-14T22:19:05.427748Z,10609416,1.36200000,245.75000000,buy,2022-05-14 22:19:05.427748+00:00
2022-05-14T22:19:05.321342Z,10609415,1.36300000,749.99000000,buy,2022-05-14 22:19:05.321342+00:00
2022-05-14T22:19:05.321157Z,10609414,1.36300000,98.12000000,buy,2022-05-14 22:19:05.321157+00:00
2022-05-14T22:19:05.312785Z,10609413,1.36300000,98.12000000,buy,2022-05-14 22:19:05.312785+00:00
2022-05-14T22:19:05.304979Z,10609412,1.36300000,261.56000000,buy,2022-05-14 22:19:05.304979+00:00
2022-05-14T22:19:05.304979Z,10609411,1.36300000,3.84000000,buy,2022-05-14 22:19:05.304979+00:00
2022-05-14T22:19:05.304979Z,10609410,1.36300000,2.09000000,buy,2022-05-14 22:19:05.304979+00:00
2022-05-14T22:19:05.304979Z,10609409,1.36300000,7.64000000,buy,2022-05-14 22:19:05.304979+00:00
2022-05-14T22:19:05.304979Z,10609408,1.36400000,1367.73000000,buy,2022-05-14 22:19:05.304979+00:00
2022-05-14T22:19:05.27766Z,10609407,1.36400000,178.09000000,buy,2022-05-14 22:19:05.277660+00:00
2022-05-14T22:19:05.27766Z,10609406,1.36400000,123.45000000,buy,2022-05-14 22:19:05.277660+00:00
2022-05-14T22:19:05.27766Z,10609405,1.36400000,40.00000000,buy,2022-05-14 22:19:05.277660+00:00
2022-05-14T22:19:05.27766Z,10609404,1.36400000,3.51000000,buy,2022-05-14 22:19:05.277660+00:00
2022-05-14T22:19:05.27766Z,10609403,1.36400000,238.28000000,buy,2022-05-14 22:19:05.277660+00:00
2022-05-14T22:19:03.137979Z,10609402,1.36500000,113.81000000,buy,2022-05-14 22:19:03.137979+00:00
2022-05-14T22:19:03.137979Z,10609401,1.36500000,0.77000000,buy,2022-05-14 22:19:03.137979+00:00
2022-05-14T22:19:03.137979Z,10609400,1.36500000,0.73000000,buy,2022-05-14 22:19:03.137979+00:00
2022-05-14T22:19:03.137979Z,10609399,1.36500000,0.59000000,buy,2022-05-14 22:19:03.137979+00:00
2022-05-14T22:19:02.504631Z,10609398,1.36600000,170.64000000,buy,2022-05-14 22:19:02.504631+00:00
2022-05-14T22:19:02.504631Z,10609397,1.36600000,3.80000000,buy,2022-05-14 22:19:02.504631+00:00
2022-05-14T22:18:57.827836Z,10609396,1.36700000,72.81000000,buy,2022-05-14 22:18:57.827836+00:00
2022-05-14T22:18:57.799844Z,10609395,1.36700000,61.03000000,buy,2022-05-14 22:18:57.799844+00:00
2022-05-14T22:18:57.77084Z,10609394,1.36700000,72.94000000,buy,2022-05-14 22:18:57.770840+00:00
2022-05-14T22:18:56.416677Z,10609393,1.36700000,89.27000000,buy,2022-05-14 22:18:56.416677+00:00
2022-05-14T22:18:56.405521Z,10609392,1.36700000,89.18000000,buy,2022-05-14 22:18:56.405521+00:00
2022-05-14T22:18:53.631707Z,10609391,1.36700000,73.84000000,buy,2022-05-14 22:18:53.631707+00:00
2022-05-14T22:18:53.558932Z,10609390,1.36700000,266.16000000,buy,2022-05-14 22:18:53.558932+00:00
2022-05-14T22:18:52.765499Z,10609389,1.36800000,109.06000000,sell,2022-05-14 22:18:52.765499+00:00
2022-05-14T22:18:52.765499Z,10609388,1.36800000,141.04000000,sell,2022-05-14 22:18:52.765499+00:00
2022-05-14T22:18:52.765499Z,10609387,1.36800000,8.88000000,sell,2022-05-14 22:18:52.765499+00:00
2022-05-14T22:18:52.385324Z,10609386,1.36700000,134.98000000,sell,2022-05-14 22:18:52.385324+00:00
2022-05-14T22:18:49.662508Z,10609385,1.36700000,208.97000000,sell,2022-05-14 22:18:49.662508+00:00
2022-05-14T22:18:49.662508Z,10609384,1.36700000,0.77000000,sell,2022-05-14 22:18:49.662508+00:00
2022-05-14T22:18:49.583726Z,10609383,1.36600000,183.04000000,sell,2022-05-14 22:18:49.583726+00:00
2022-05-14T22:18:48.567064Z,10609382,1.36500000,114.09000000,sell,2022-05-14 22:18:48.567064+00:00
2022-05-14T22:18:48.567064Z,10609381,1.36500000,209.78000000,sell,2022-05-14 22:18:48.567064+00:00
2022-05-14T22:18:33.708659Z,10609380,1.36400000,126.03000000,buy,2022-05-14 22:18:33.708659+00:00
2022-05-14T22:18:29.384414Z,10609379,1.36400000,113.60000000,buy,2022-05-14 22:18:29.384414+00:00
2022-05-14T22:18:20.647676Z,10609378,1.36300000,2.00000000,buy,2022-05-14 22:18:20.647676+00:00
2022-05-14T22:18:19.465224Z,10609377,1.36400000,137.05000000,sell,2022-05-14 22:18:19.465224+00:00
2022-05-14T22:18:19.465224Z,10609376,1.36400000,15.06000000,sell,2022-05-14 22:18:19.465224+00:00
2022-05-14T22:18:16.099297Z,10609375,1.36300000,2.95000000,sell,2022-05-14 22:18:16.099297+00:00
2022-05-14T22:18:16.099297Z,10609374,1.36300000,143.49000000,sell,2022-05-14 22:18:16.099297+00:00
2022-05-14T22:18:16.099297Z,10609373,1.36300000,1000.00000000,sell,2022-05-14 22:18:16.099297+00:00
2022-05-14T22:18:16.099297Z,10609372,1.36300000,70.03000000,sell,2022-05-14 22:18:16.099297+00:00
2022-05-14T22:18:12.544111Z,10609371,1.36200000,205.72000000,sell,2022-05-14 22:18:12.544111+00:00
2022-05-14T22:18:12.38295Z,10609370,1.36200000,123.24000000,sell,2022-05-14 22:18:12.382950+00:00
2022-05-14T22:18:12.255889Z,10609369,1.36100000,117.97000000,sell,2022-05-14 22:18:12.255889+00:00
2022-05-14T22:18:12.239465Z,10609368,1.36000000,115.62000000,sell,2022-05-14 22:18:12.239465+00:00
2022-05-14T22:18:12.239465Z,10609367,1.36000000,198.23000000,sell,2022-05-14 22:18:12.239465+00:00
2022-05-14T22:18:12.239465Z,10609366,1.36000000,8.94000000,sell,2022-05-14 22:18:12.239465+00:00
2022-05-14T22:17:52.546116Z,10609365,1.35900000,132.21000000,sell,2022-05-14 22:17:52.546116+00:00
2022-05-14T22:17:09.10749Z,10609364,1.35900000,374.44000000,buy,2022-05-14 22:17:09.107490+00:00
2022-05-14T22:16:36.518865Z,10609363,1.35900000,160.80000000,sell,2022-05-14 22:16:36.518865+00:00
2022-05-14T22:16:36.518865Z,10609362,1.35900000,125.04000000,sell,2022-05-14 22:16:36.518865+00:00
2022-05-14T22:16:18.242692Z,10609361,1.35800000,160.80000000,sell,2022-05-14 22:16:18.242692+00:00
2022-05-14T22:15:53.80551Z,10609360,1.35800000,181.48000000,buy,2022-05-14 22:15:53.805510+00:00
2022-05-14T22:15:48.857866Z,10609359,1.35800000,0.60000000,sell,2022-05-14 22:15:48.857866+00:00
2022-05-14T22:15:48.857866Z,10609358,1.35800000,160.94000000,sell,2022-05-14 22:15:48.857866+00:00
2022-05-14T22:15:15.313811Z,10609357,1.35700000,203.00000000,sell,2022-05-14 22:15:15.313811+00:00
2022-05-14T22:15:15.313811Z,10609356,1.35700000,749.62000000,sell,2022-05-14 22:15:15.313811+00:00
2022-05-14T22:14:43.463218Z,10609355,1.35700000,126.76000000,sell,2022-05-14 22:14:43.463218+00:00
2022-05-14T22:14:43.463218Z,10609354,1.35700000,110.97000000,sell,2022-05-14 22:14:43.463218+00:00
2022-05-14T22:14:31.513756Z,10609353,1.35700000,211.07000000,sell,2022-05-14 22:14:31.513756+00:00
2022-05-14T22:14:31.513756Z,10609352,1.35700000,0.10000000,sell,2022-05-14 22:14:31.513756+00:00
2022-05-14T22:14:29.726431Z,10609351,1.35700000,149.27000000,sell,2022-05-14 22:14:29.726431+00:00
2022-05-14T22:14:29.726431Z,10609350,1.35700000,3588.88000000,sell,2022-05-14 22:14:29.726431+00:00
2022-05-14T22:14:29.726431Z,10609349,1.35600000,132.29000000,sell,2022-05-14 22:14:29.726431+00:00
2022-05-14T22:14:29.373071Z,10609348,1.35500000,1074.99000000,buy,2022-05-14 22:14:29.373071+00:00
2022-05-14T22:14:28.498799Z,10609347,1.35600000,30.00000000,sell,2022-05-14 22:14:28.498799+00:00
2022-05-14T22:14:28.439937Z,10609346,1.35500000,153.85000000,sell,2022-05-14 22:14:28.439937+00:00
2022-05-14T22:14:28.415555Z,10609345,1.35400000,110.97000000,sell,2022-05-14 22:14:28.415555+00:00
2022-05-14T22:14:28.411321Z,10609344,1.35400000,30.00000000,sell,2022-05-14 22:14:28.411321+00:00
2022-05-14T22:14:28.223462Z,10609343,1.35600000,543.09000000,sell,2022-05-14 22:14:28.223462+00:00
2022-05-14T22:14:28.223462Z,10609342,1.35600000,294.12000000,sell,2022-05-14 22:14:28.223462+00:00
2022-05-14T22:14:28.223462Z,10609341,1.35600000,124.75000000,sell,2022-05-14 22:14:28.223462+00:00
2022-05-14T22:14:28.184466Z,10609340,1.35500000,243.38000000,sell,2022-05-14 22:14:28.184466+00:00
2022-05-14T22:14:28.184466Z,10609339,1.35500000,40.00000000,sell,2022-05-14 22:14:28.184466+00:00
2022-05-14T22:14:28.184466Z,10609338,1.35500000,147.57000000,sell,2022-05-14 22:14:28.184466+00:00
2022-05-14T22:14:28.184466Z,10609337,1.35500000,288.19000000,sell,2022-05-14 22:14:28.184466+00:00
2022-05-14T22:14:28.17377Z,10609336,1.35400000,142.77000000,sell,2022-05-14 22:14:28.173770+00:00
2022-05-14T22:14:28.117717Z,10609335,1.35300000,26.63000000,sell,2022-05-14 22:14:28.117717+00:00
2022-05-14T22:14:28.117717Z,10609334,1.35300000,40.00000000,sell,2022-05-14 22:14:28.117717+00:00
2022-05-14T22:14:28.117717Z,10609333,1.35300000,198.64000000,sell,2022-05-14 22:14:28.117717+00:00
2022-05-14T22:14:25.706569Z,10609332,1.35200000,125.30000000,sell,2022-05-14 22:14:25.706569+00:00
2022-05-14T22:14:25.706569Z,10609331,1.35200000,141.46000000,sell,2022-05-14 22:14:25.706569+00:00
2022-05-14T22:14:20.688022Z,10609330,1.35100000,157.28000000,sell,2022-05-14 22:14:20.688022+00:00
2022-05-14T22:13:28.836828Z,10609329,1.35100000,117.90000000,sell,2022-05-14 22:13:28.836828+00:00
2022-05-14T22:13:28.836828Z,10609328,1.35100000,250.27000000,sell,2022-05-14 22:13:28.836828+00:00
2022-05-14T22:13:28.836828Z,10609327,1.35000000,143.56000000,sell,2022-05-14 22:13:28.836828+00:00
2022-05-14T22:13:19.89022Z,10609326,1.34900000,20.31000000,buy,2022-05-14 22:13:19.890220+00:00
2022-05-14T22:13:08.97355Z,10609325,1.34900000,123.99000000,sell,2022-05-14 22:13:08.973550+00:00
2022-05-14T22:13:08.97355Z,10609324,1.34900000,151.29000000,sell,2022-05-14 22:13:08.973550+00:00
2022-05-14T22:12:40.867772Z,10609323,1.34800000,6.46000000,buy,2022-05-14 22:12:40.867772+00:00
2022-05-14T22:12:38.93837Z,10609322,1.34900000,33.51000000,buy,2022-05-14 22:12:38.938370+00:00
2022-05-14T22:12:38.937659Z,10609321,1.34900000,233.06000000,buy,2022-05-14 22:12:38.937659+00:00
2022-05-14T22:12:35.684704Z,10609320,1.35000000,0.51000000,sell,2022-05-14 22:12:35.684704+00:00
2022-05-14T22:11:54.25201Z,10609319,1.34900000,214.19000000,sell,2022-05-14 22:11:54.252010+00:00
2022-05-14T22:11:54.017565Z,10609318,1.34900000,220.66000000,sell,2022-05-14 22:11:54.017565+00:00
2022-05-14T22:11:49.589496Z,10609317,1.34900000,214.25000000,sell,2022-05-14 22:11:49.589496+00:00
2022-05-14T22:11:47.720995Z,10609316,1.34800000,120.39000000,sell,2022-05-14 22:11:47.720995+00:00
2022-05-14T22:11:47.720995Z,10609315,1.34800000,242.25000000,sell,2022-05-14 22:11:47.720995+00:00
2022-05-14T22:11:46.678364Z,10609314,1.34700000,214.03000000,sell,2022-05-14 22:11:46.678364+00:00
2022-05-14T22:11:46.421916Z,10609313,1.34600000,160.55000000,sell,2022-05-14 22:11:46.421916+00:00
2022-05-14T22:10:13.604431Z,10609312,1.34500000,120.76000000,buy,2022-05-14 22:10:13.604431+00:00
2022-05-14T22:09:29.147881Z,10609311,1.34500000,203.86000000,sell,2022-05-14 22:09:29.147881+00:00
2022-05-14T22:09:28.8099Z,10609310,1.34500000,202.46000000,sell,2022-05-14 22:09:28.809900+00:00
2022-05-14T22:09:28.638257Z,10609309,1.34500000,191.47000000,sell,2022-05-14 22:09:28.638257+00:00
2022-05-14T22:09:27.669067Z,10609308,1.34400000,174.02000000,sell,2022-05-14 22:09:27.669067+00:00
2022-05-14T22:08:02.395547Z,10609307,1.34300000,0.01000000,sell,2022-05-14 22:08:02.395547+00:00
2022-05-14T22:08:02.395463Z,10609306,1.34300000,222.94000000,sell,2022-05-14 22:08:02.395463+00:00
2022-05-14T22:07:08.515445Z,10609305,1.34300000,13.70000000,sell,2022-05-14 22:07:08.515445+00:00
2022-05-14T22:06:57.757704Z,10609304,1.34300000,75.00000000,sell,2022-05-14 22:06:57.757704+00:00
2022-05-14T22:06:56.849886Z,10609303,1.34200000,116.50000000,buy,2022-05-14 22:06:56.849886+00:00
2022-05-14T22:06:56.849886Z,10609302,1.34200000,3.52000000,buy,2022-05-14 22:06:56.849886+00:00
2022-05-14T22:06:56.849886Z,10609301,1.34200000,1.98000000,buy,2022-05-14 22:06:56.849886+00:00
2022-05-14T22:06:56.849886Z,10609300,1.34200000,5.59000000,buy,2022-05-14 22:06:56.849886+00:00
2022-05-14T22:06:56.849886Z,10609299,1.34200000,0.40000000,buy,2022-05-14 22:06:56.849886+00:00
2022-05-14T22:06:01.192956Z,10609298,1.34400000,274.49000000,sell,2022-05-14 22:06:01.192956+00:00
2022-05-14T22:05:49.631425Z,10609297,1.34300000,0.40000000,sell,2022-05-14 22:05:49.631425+00:00
2022-05-14T22:05:49.631425Z,10609296,1.34300000,221.18000000,sell,2022-05-14 22:05:49.631425+00:00
2022-05-14T22:05:40.350042Z,10609295,1.34200000,241.33000000,buy,2022-05-14 22:05:40.350042+00:00
2022-05-14T22:05:40.350042Z,10609294,1.34200000,8.94000000,buy,2022-05-14 22:05:40.350042+00:00
2022-05-14T22:05:24.879593Z,10609293,1.34300000,337.96000000,buy,2022-05-14 22:05:24.879593+00:00
2022-05-14T22:05:24.879593Z,10609292,1.34300000,134.66000000,buy,2022-05-14 22:05:24.879593+00:00
2022-05-14T22:05:24.827811Z,10609291,1.34300000,552.35000000,buy,2022-05-14 22:05:24.827811+00:00
2022-05-14T22:05:24.827811Z,10609290,1.34300000,124.75000000,buy,2022-05-14 22:05:24.827811+00:00
2022-05-14T22:05:24.823664Z,10609289,1.34500000,0.34000000,buy,2022-05-14 22:05:24.823664+00:00
2022-05-14T22:05:24.598608Z,10609288,1.34600000,117.38000000,buy,2022-05-14 22:05:24.598608+00:00
2022-05-14T22:05:24.554332Z,10609287,1.34700000,36.96000000,buy,2022-05-14 22:05:24.554332+00:00
2022-05-14T22:05:24.554332Z,10609286,1.34700000,1.64000000,buy,2022-05-14 22:05:24.554332+00:00
2022-05-14T22:05:24.554332Z,10609285,1.34700000,7.66000000,buy,2022-05-14 22:05:24.554332+00:00
2022-05-14T22:05:24.554332Z,10609284,1.34700000,16.54000000,buy,2022-05-14 22:05:24.554332+00:00
2022-05-14T22:05:24.554332Z,10609283,1.34800000,118.03000000,buy,2022-05-14 22:05:24.554332+00:00
2022-05-14T22:05:24.554332Z,10609282,1.34800000,223.35000000,buy,2022-05-14 22:05:24.554332+00:00
2022-05-14T22:05:14.308521Z,10609281,1.35000000,2216.37000000,buy,2022-05-14 22:05:14.308521+00:00
2022-05-14T22:05:14.304053Z,10609280,1.35000000,83.88000000,buy,2022-05-14 22:05:14.304053+00:00
2022-05-14T22:05:14.283454Z,10609279,1.35000000,51.87000000,buy,2022-05-14 22:05:14.283454+00:00
2022-05-14T22:05:14.263716Z,10609278,1.35000000,288.32000000,buy,2022-05-14 22:05:14.263716+00:00
2022-05-14T22:05:14.255929Z,10609277,1.35000000,749.99000000,buy,2022-05-14 22:05:14.255929+00:00
2022-05-14T22:05:14.251646Z,10609276,1.35000000,89.98000000,buy,2022-05-14 22:05:14.251646+00:00
2022-05-14T22:05:14.248077Z,10609275,1.35000000,749.99000000,buy,2022-05-14 22:05:14.248077+00:00
2022-05-14T22:05:14.248038Z,10609274,1.35000000,55.84000000,buy,2022-05-14 22:05:14.248038+00:00
2022-05-14T22:05:14.244042Z,10609273,1.35000000,959.46000000,buy,2022-05-14 22:05:14.244042+00:00
2022-05-14T22:05:14.240281Z,10609272,1.35000000,57.19000000,buy,2022-05-14 22:05:14.240281+00:00
2022-05-14T22:05:14.177205Z,10609271,1.35000000,72.23000000,buy,2022-05-14 22:05:14.177205+00:00
2022-05-14T22:05:14.157678Z,10609270,1.35000000,1052.32000000,buy,2022-05-14 22:05:14.157678+00:00
2022-05-14T22:05:14.153058Z,10609269,1.35000000,135.87000000,buy,2022-05-14 22:05:14.153058+00:00
2022-05-14T22:05:14.142446Z,10609268,1.35000000,78.07000000,buy,2022-05-14 22:05:14.142446+00:00
2022-05-14T22:05:13.172495Z,10609267,1.35000000,67.62000000,buy,2022-05-14 22:05:13.172495+00:00
2022-05-14T22:05:13.01156Z,10609266,1.35000000,76.30000000,buy,2022-05-14 22:05:13.011560+00:00
2022-05-14T22:05:12.986733Z,10609265,1.35000000,196.38000000,buy,2022-05-14 22:05:12.986733+00:00
2022-05-14T22:05:12.986733Z,10609264,1.35000000,21.16000000,buy,2022-05-14 22:05:12.986733+00:00
2022-05-14T22:04:32.97162Z,10609263,1.35200000,83.34000000,sell,2022-05-14 22:04:32.971620+00:00
2022-05-14T22:04:27.609733Z,10609262,1.35000000,785.00000000,buy,2022-05-14 22:04:27.609733+00:00
2022-05-14T22:02:36.328841Z,10609261,1.35000000,331.16000000,buy,2022-05-14 22:02:36.328841+00:00
2022-05-14T22:02:36.328841Z,10609260,1.35100000,40.00000000,buy,2022-05-14 22:02:36.328841+00:00
2022-05-14T22:02:36.328841Z,10609259,1.35100000,5.96000000,buy,2022-05-14 22:02:36.328841+00:00
2022-05-14T22:02:36.328841Z,10609258,1.35100000,1.12000000,buy,2022-05-14 22:02:36.328841+00:00
2022-05-14T22:02:36.328841Z,10609257,1.35100000,6.26000000,buy,2022-05-14 22:02:36.328841+00:00
2022-05-14T22:02:36.328841Z,10609256,1.35200000,115.50000000,buy,2022-05-14 22:02:36.328841+00:00
2022-05-14T22:02:35.352138Z,10609255,1.35300000,5.00000000,sell,2022-05-14 22:02:35.352138+00:00
2022-05-14T22:02:34.678553Z,10609254,1.35200000,717.44000000,buy,2022-05-14 22:02:34.678553+00:00
2022-05-14T22:02:34.678553Z,10609253,1.35200000,243.38000000,buy,2022-05-14 22:02:34.678553+00:00
2022-05-14T22:02:11.538389Z,10609252,1.35300000,3.88000000,buy,2022-05-14 22:02:11.538389+00:00
2022-05-14T22:02:11.253194Z,10609251,1.35300000,110.49000000,buy,2022-05-14 22:02:11.253194+00:00
2022-05-14T22:02:11.253194Z,10609250,1.35300000,147.66000000,buy,2022-05-14 22:02:11.253194+00:00
2022-05-14T22:02:11.253194Z,10609249,1.35300000,147.43000000,buy,2022-05-14 22:02:11.253194+00:00
2022-05-14T22:01:34.635033Z,10609248,1.35500000,366.80000000,sell,2022-05-14 22:01:34.635033+00:00
2022-05-14T22:01:32.772803Z,10609247,1.35500000,3.27000000,sell,2022-05-14 22:01:32.772803+00:00
2022-05-14T22:01:17.003611Z,10609246,1.35500000,364.80000000,sell,2022-05-14 22:01:17.003611+00:00
2022-05-14T22:01:11.035297Z,10609245,1.35500000,1576.45000000,sell,2022-05-14 22:01:11.035297+00:00
2022-05-14T22:01:11.035297Z,10609244,1.35500000,223.55000000,sell,2022-05-14 22:01:11.035297+00:00
2022-05-14T22:00:24.458847Z,10609243,1.35500000,40.00000000,sell,2022-05-14 22:00:24.458847+00:00
2022-05-14T22:00:24.458847Z,10609242,1.35500000,197.29000000,sell,2022-05-14 22:00:24.458847+00:00
2022-05-14T22:00:23.875401Z,10609241,1.35400000,209.80000000,sell,2022-05-14 22:00:23.875401+00:00
2022-05-14T22:00:19.982062Z,10609240,1.35300000,224.56000000,sell,2022-05-14 22:00:19.982062+00:00
2022-05-14T22:00:19.78824Z,10609239,1.35200000,198.61000000,sell,2022-05-14 22:00:19.788240+00:00
2022-05-14T22:00:16.517186Z,10609238,1.35100000,118.14000000,sell,2022-05-14 22:00:16.517186+00:00
2022-05-14T22:00:16.458178Z,10609237,1.35100000,120.00000000,sell,2022-05-14 22:00:16.458178+00:00
2022-05-14T21:59:47.544419Z,10609236,1.35100000,0.72000000,sell,2022-05-14 21:59:47.544419+00:00
2022-05-14T21:58:45.172132Z,10609235,1.34900000,276.89000000,buy,2022-05-14 21:58:45.172132+00:00
2022-05-14T21:58:45.172132Z,10609234,1.34900000,363.49000000,buy,2022-05-14 21:58:45.172132+00:00
2022-05-14T21:58:24.901023Z,10609233,1.35000000,0.40000000,buy,2022-05-14 21:58:24.901023+00:00
2022-05-14T21:58:06.913333Z,10609232,1.35100000,0.01000000,sell,2022-05-14 21:58:06.913333+00:00
2022-05-14T21:58:06.913246Z,10609231,1.35100000,257.86000000,sell,2022-05-14 21:58:06.913246+00:00
2022-05-14T21:57:59.386059Z,10609230,1.35200000,0.50000000,sell,2022-05-14 21:57:59.386059+00:00
2022-05-14T21:57:26.240543Z,10609229,1.35200000,40.00000000,sell,2022-05-14 21:57:26.240543+00:00
2022-05-14T21:57:26.240543Z,10609228,1.35200000,243.38000000,sell,2022-05-14 21:57:26.240543+00:00
2022-05-14T21:57:25.902126Z,10609227,1.35200000,447.23000000,sell,2022-05-14 21:57:25.902126+00:00
2022-05-14T21:57:25.902126Z,10609226,1.35200000,302.76000000,sell,2022-05-14 21:57:25.902126+00:00
2022-05-14T21:57:25.756221Z,10609225,1.35100000,295.52000000,sell,2022-05-14 21:57:25.756221+00:00
2022-05-14T21:57:25.756221Z,10609224,1.35100000,243.38000000,sell,2022-05-14 21:57:25.756221+00:00
2022-05-14T21:57:25.756221Z,10609223,1.35100000,401.88000000,sell,2022-05-14 21:57:25.756221+00:00
2022-05-14T21:57:16.782245Z,10609222,1.35000000,73.45000000,buy,2022-05-14 21:57:16.782245+00:00
2022-05-14T21:57:16.477819Z,10609221,1.35000000,74.13000000,buy,2022-05-14 21:57:16.477819+00:00
2022-05-14T21:57:16.354109Z,10609220,1.35000000,82.26000000,buy,2022-05-14 21:57:16.354109+00:00
2022-05-14T21:57:16.123047Z,10609219,1.35000000,152.85000000,buy,2022-05-14 21:57:16.123047+00:00
2022-05-14T21:56:21.060581Z,10609218,1.35200000,120.83000000,buy,2022-05-14 21:56:21.060581+00:00
2022-05-14T21:56:01.581741Z,10609217,1.35200000,403.16000000,sell,2022-05-14 21:56:01.581741+00:00
2022-05-14T21:55:57.237076Z,10609216,1.35100000,446.74000000,buy,2022-05-14 21:55:57.237076+00:00
2022-05-14T21:55:51.869226Z,10609215,1.35300000,275.37000000,buy,2022-05-14 21:55:51.869226+00:00
2022-05-14T21:55:51.869226Z,10609214,1.35300000,73.47000000,buy,2022-05-14 21:55:51.869226+00:00
2022-05-14T21:55:15.530901Z,10609213,1.35500000,327.75000000,buy,2022-05-14 21:55:15.530901+00:00
2022-05-14T21:55:15.523446Z,10609212,1.35500000,731.75000000,buy,2022-05-14 21:55:15.523446+00:00
2022-05-14T21:55:15.523446Z,10609211,1.35500000,14.97000000,buy,2022-05-14 21:55:15.523446+00:00
2022-05-14T21:55:15.523446Z,10609210,1.35500000,1.80000000,buy,2022-05-14 21:55:15.523446+00:00
2022-05-14T21:55:15.523446Z,10609209,1.35500000,1.47000000,buy,2022-05-14 21:55:15.523446+00:00
2022-05-14T21:55:15.514896Z,10609208,1.35600000,0.50000000,buy,2022-05-14 21:55:15.514896+00:00
2022-05-14T21:55:15.514896Z,10609207,1.35600000,3.02000000,buy,2022-05-14 21:55:15.514896+00:00
2022-05-14T21:55:15.514896Z,10609206,1.35600000,226.89000000,buy,2022-05-14 21:55:15.514896+00:00
2022-05-14T21:54:58.147618Z,10609205,1.35900000,0.56000000,sell,2022-05-14 21:54:58.147618+00:00
2022-05-14T21:54:41.165348Z,10609204,1.36000000,0.50000000,sell,2022-05-14 21:54:41.165348+00:00
2022-05-14T21:53:15.705529Z,10609203,1.35700000,361.80000000,buy,2022-05-14 21:53:15.705529+00:00
2022-05-14T21:53:15.705529Z,10609202,1.35700000,1.24000000,buy,2022-05-14 21:53:15.705529+00:00
2022-05-14T21:53:15.705529Z,10609201,1.35700000,243.38000000,buy,2022-05-14 21:53:15.705529+00:00
2022-05-14T21:53:15.705529Z,10609200,1.35700000,719.15000000,buy,2022-05-14 21:53:15.705529+00:00
2022-05-14T21:53:15.705529Z,10609199,1.35700000,368.85000000,buy,2022-05-14 21:53:15.705529+00:00
2022-05-14T21:53:15.705529Z,10609198,1.35800000,40.00000000,buy,2022-05-14 21:53:15.705529+00:00
2022-05-14T21:53:15.705529Z,10609197,1.35800000,339.27000000,buy,2022-05-14 21:53:15.705529+00:00
2022-05-14T21:53:15.705529Z,10609196,1.35900000,749.62000000,buy,2022-05-14 21:53:15.705529+00:00
2022-05-14T21:53:15.705529Z,10609195,1.35900000,7.69000000,buy,2022-05-14 21:53:15.705529+00:00
2022-05-14T21:53:10.948886Z,10609194,1.36200000,1286.96000000,buy,2022-05-14 21:53:10.948886+00:00
2022-05-14T21:53:10.877618Z,10609193,1.36200000,500.00000000,buy,2022-05-14 21:53:10.877618+00:00
2022-05-14T21:53:08.153465Z,10609192,1.36200000,713.04000000,buy,2022-05-14 21:53:08.153465+00:00
2022-05-14T21:53:08.153465Z,10609191,1.36200000,132.48000000,buy,2022-05-14 21:53:08.153465+00:00
2022-05-14T21:52:04.668498Z,10609190,1.36200000,0.01000000,sell,2022-05-14 21:52:04.668498+00:00
2022-05-14T21:52:04.668385Z,10609189,1.36200000,39.99000000,sell,2022-05-14 21:52:04.668385+00:00
2022-05-14T21:52:04.668385Z,10609188,1.36200000,243.38000000,sell,2022-05-14 21:52:04.668385+00:00
2022-05-14T21:51:56.011688Z,10609187,1.36100000,0.01000000,sell,2022-05-14 21:51:56.011688+00:00
2022-05-14T21:51:56.009521Z,10609186,1.36100000,39.99000000,sell,2022-05-14 21:51:56.009521+00:00
2022-05-14T21:51:56.009521Z,10609185,1.36100000,221.48000000,sell,2022-05-14 21:51:56.009521+00:00
2022-05-14T21:51:06.99599Z,10609184,1.36100000,21.90000000,sell,2022-05-14 21:51:06.995990+00:00
2022-05-14T21:50:07.639167Z,10609183,1.36300000,0.72000000,sell,2022-05-14 21:50:07.639167+00:00
2022-05-14T21:49:03.212318Z,10609182,1.36100000,1.86000000,buy,2022-05-14 21:49:03.212318+00:00
2022-05-14T21:48:57.512551Z,10609181,1.36200000,243.38000000,sell,2022-05-14 21:48:57.512551+00:00
2022-05-14T21:47:57.25971Z,10609180,1.35800000,243.38000000,sell,2022-05-14 21:47:57.259710+00:00
2022-05-14T21:47:36.91071Z,10609179,1.35700000,545.73000000,buy,2022-05-14 21:47:36.910710+00:00
2022-05-14T21:47:36.91071Z,10609178,1.35700000,146.83000000,buy,2022-05-14 21:47:36.910710+00:00
2022-05-14T21:47:36.91071Z,10609177,1.35700000,0.36000000,buy,2022-05-14 21:47:36.910710+00:00
2022-05-14T21:47:36.91071Z,10609176,1.35700000,3.42000000,buy,2022-05-14 21:47:36.910710+00:00
2022-05-14T21:47:36.91071Z,10609175,1.35700000,118.86000000,buy,2022-05-14 21:47:36.910710+00:00
2022-05-14T21:47:36.91071Z,10609174,1.35800000,1.80000000,buy,2022-05-14 21:47:36.910710+00:00
2022-05-14T21:47:36.91071Z,10609173,1.35800000,0.60000000,buy,2022-05-14 21:47:36.910710+00:00
2022-05-14T21:47:36.897111Z,10609172,1.35800000,500.00000000,buy,2022-05-14 21:47:36.897111+00:00
2022-05-14T21:47:32.548534Z,10609171,1.36000000,76.96000000,sell,2022-05-14 21:47:32.548534+00:00
2022-05-14T21:47:32.548534Z,10609170,1.36000000,243.38000000,sell,2022-05-14 21:47:32.548534+00:00
2022-05-14T21:47:32.548534Z,10609169,1.36000000,1.00000000,sell,2022-05-14 21:47:32.548534+00:00
2022-05-14T21:47:32.548534Z,10609168,1.36000000,8.46000000,sell,2022-05-14 21:47:32.548534+00:00
2022-05-14T21:46:37.894708Z,10609167,1.36000000,0.48000000,sell,2022-05-14 21:46:37.894708+00:00
2022-05-14T21:46:27.844155Z,10609166,1.35600000,14.83000000,buy,2022-05-14 21:46:27.844155+00:00
2022-05-14T21:46:25.24703Z,10609165,1.35500000,390.19000000,buy,2022-05-14 21:46:25.247030+00:00
2022-05-14T21:46:25.246585Z,10609164,1.35500000,402.14000000,buy,2022-05-14 21:46:25.246585+00:00
2022-05-14T21:46:25.246585Z,10609163,1.35500000,2.14000000,buy,2022-05-14 21:46:25.246585+00:00
2022-05-14T21:46:25.246585Z,10609162,1.35500000,5.88000000,buy,2022-05-14 21:46:25.246585+00:00
2022-05-14T21:46:25.246585Z,10609161,1.35500000,1.43000000,buy,2022-05-14 21:46:25.246585+00:00
2022-05-14T21:46:25.246585Z,10609160,1.35500000,147.20000000,buy,2022-05-14 21:46:25.246585+00:00
2022-05-14T21:46:25.246585Z,10609159,1.35500000,147.43000000,buy,2022-05-14 21:46:25.246585+00:00
2022-05-14T21:46:25.246585Z,10609158,1.35500000,43.77000000,buy,2022-05-14 21:46:25.246585+00:00
2022-05-14T21:46:25.246561Z,10609157,1.35500000,103.66000000,buy,2022-05-14 21:46:25.246561+00:00
2022-05-14T21:46:25.246561Z,10609156,1.35600000,243.38000000,buy,2022-05-14 21:46:25.246561+00:00
2022-05-14T21:46:25.246561Z,10609155,1.35600000,0.64000000,buy,2022-05-14 21:46:25.246561+00:00
2022-05-14T21:46:25.246561Z,10609154,1.35600000,3.52000000,buy,2022-05-14 21:46:25.246561+00:00
2022-05-14T21:46:25.246561Z,10609153,1.35600000,108.69000000,buy,2022-05-14 21:46:25.246561+00:00
2022-05-14T21:46:25.246561Z,10609152,1.35600000,290.10000000,buy,2022-05-14 21:46:25.246561+00:00
2022-05-14T21:46:25.184177Z,10609151,1.35700000,83.84000000,buy,2022-05-14 21:46:25.184177+00:00
2022-05-14T21:46:25.132796Z,10609150,1.35800000,345.36000000,buy,2022-05-14 21:46:25.132796+00:00
2022-05-14T21:46:25.132796Z,10609149,1.35800000,199.60000000,buy,2022-05-14 21:46:25.132796+00:00
2022-05-14T21:46:25.132714Z,10609148,1.35800000,203.36000000,buy,2022-05-14 21:46:25.132714+00:00
2022-05-14T21:46:25.132714Z,10609147,1.35800000,63.71000000,buy,2022-05-14 21:46:25.132714+00:00
2022-05-14T21:46:25.132714Z,10609146,1.35800000,10.00000000,buy,2022-05-14 21:46:25.132714+00:00
2022-05-14T21:45:59.855107Z,10609145,1.35900000,204.70000000,sell,2022-05-14 21:45:59.855107+00:00
2022-05-14T21:45:54.716505Z,10609144,1.35700000,0.01000000,buy,2022-05-14 21:45:54.716505+00:00
2022-05-14T21:45:54.716457Z,10609143,1.35700000,39.99000000,buy,2022-05-14 21:45:54.716457+00:00
2022-05-14T21:45:54.716457Z,10609142,1.35700000,369.38000000,buy,2022-05-14 21:45:54.716457+00:00
2022-05-14T21:45:43.369415Z,10609141,1.35800000,0.50000000,sell,2022-05-14 21:45:43.369415+00:00
2022-05-14T21:45:15.767776Z,10609140,1.35600000,71.12000000,sell,2022-05-14 21:45:15.767776+00:00
2022-05-14T21:45:15.767776Z,10609139,1.35600000,124.75000000,sell,2022-05-14 21:45:15.767776+00:00
2022-05-14T21:44:56.8192Z,10609138,1.35500000,0.41000000,sell,2022-05-14 21:44:56.819200+00:00
2022-05-14T21:44:32.760385Z,10609137,1.35300000,404.45000000,buy,2022-05-14 21:44:32.760385+00:00
2022-05-14T21:44:32.760385Z,10609136,1.35300000,40.00000000,buy,2022-05-14 21:44:32.760385+00:00
2022-05-14T21:44:32.760385Z,10609135,1.35300000,0.86000000,buy,2022-05-14 21:44:32.760385+00:00
2022-05-14T21:44:32.760385Z,10609134,1.35300000,115.55000000,buy,2022-05-14 21:44:32.760385+00:00
2022-05-14T21:44:17.496637Z,10609133,1.35500000,0.50000000,sell,2022-05-14 21:44:17.496637+00:00
2022-05-14T21:44:14.420637Z,10609132,1.35500000,19.87000000,sell,2022-05-14 21:44:14.420637+00:00
2022-05-14T21:44:00.108105Z,10609131,1.35400000,0.40000000,sell,2022-05-14 21:44:00.108105+00:00
2022-05-14T21:43:45.583203Z,10609130,1.35200000,205.73000000,buy,2022-05-14 21:43:45.583203+00:00
2022-05-14T21:43:14.106023Z,10609129,1.34800000,286.12000000,sell,2022-05-14 21:43:14.106023+00:00
2022-05-14T21:42:45.882053Z,10609128,1.35100000,2667.56000000,sell,2022-05-14 21:42:45.882053+00:00
2022-05-14T21:42:45.882053Z,10609127,1.35100000,1524.63000000,sell,2022-05-14 21:42:45.882053+00:00
2022-05-14T21:42:45.882053Z,10609126,1.35100000,369.23000000,sell,2022-05-14 21:42:45.882053+00:00
2022-05-14T21:42:45.882053Z,10609125,1.35100000,1149.98000000,sell,2022-05-14 21:42:45.882053+00:00
2022-05-14T21:42:45.882053Z,10609124,1.35100000,202.17000000,sell,2022-05-14 21:42:45.882053+00:00
2022-05-14T21:42:45.882053Z,10609123,1.35100000,420.00000000,sell,2022-05-14 21:42:45.882053+00:00
2022-05-14T21:42:45.882053Z,10609122,1.35000000,202.17000000,sell,2022-05-14 21:42:45.882053+00:00
2022-05-14T21:42:45.882053Z,10609121,1.35000000,412.19000000,sell,2022-05-14 21:42:45.882053+00:00
2022-05-14T21:42:45.882053Z,10609120,1.35000000,400.00000000,sell,2022-05-14 21:42:45.882053+00:00
2022-05-14T21:42:45.882053Z,10609119,1.35000000,40.00000000,sell,2022-05-14 21:42:45.882053+00:00
2022-05-14T21:42:41.856358Z,10609118,1.34900000,1235.27000000,buy,2022-05-14 21:42:41.856358+00:00
2022-05-14T21:42:41.856358Z,10609117,1.34900000,200.25000000,buy,2022-05-14 21:42:41.856358+00:00
2022-05-14T21:42:41.856358Z,10609116,1.35000000,202.17000000,buy,2022-05-14 21:42:41.856358+00:00
2022-05-14T21:42:41.845255Z,10609115,1.35000000,202.17000000,buy,2022-05-14 21:42:41.845255+00:00
2022-05-14T21:42:41.820895Z,10609114,1.34900000,1.92000000,buy,2022-05-14 21:42:41.820895+00:00
2022-05-14T21:42:41.820895Z,10609113,1.35000000,1.90000000,buy,2022-05-14 21:42:41.820895+00:00
2022-05-14T21:42:41.820895Z,10609112,1.35000000,202.17000000,buy,2022-05-14 21:42:41.820895+00:00
2022-05-14T21:42:41.797396Z,10609111,1.35100000,205.73000000,buy,2022-05-14 21:42:41.797396+00:00
2022-05-14T21:42:41.788908Z,10609110,1.35100000,29.99000000,buy,2022-05-14 21:42:41.788908+00:00
2022-05-14T21:42:41.788908Z,10609109,1.35100000,2.47000000,buy,2022-05-14 21:42:41.788908+00:00
2022-05-14T21:42:41.788908Z,10609108,1.35100000,0.43000000,buy,2022-05-14 21:42:41.788908+00:00
2022-05-14T21:42:41.788908Z,10609107,1.35100000,0.66000000,buy,2022-05-14 21:42:41.788908+00:00
2022-05-14T21:42:41.788908Z,10609106,1.35100000,202.17000000,buy,2022-05-14 21:42:41.788908+00:00
2022-05-14T21:42:41.746501Z,10609105,1.35200000,697.69000000,buy,2022-05-14 21:42:41.746501+00:00
2022-05-14T21:42:41.746501Z,10609104,1.35200000,0.84000000,buy,2022-05-14 21:42:41.746501+00:00
2022-05-14T21:42:41.746501Z,10609103,1.35200000,1.64000000,buy,2022-05-14 21:42:41.746501+00:00
2022-05-14T21:42:41.746501Z,10609102,1.35200000,4.43000000,buy,2022-05-14 21:42:41.746501+00:00
2022-05-14T21:42:41.746501Z,10609101,1.35200000,95.40000000,buy,2022-05-14 21:42:41.746501+00:00
2022-05-14T21:42:41.742671Z,10609100,1.35200000,147.98000000,buy,2022-05-14 21:42:41.742671+00:00
2022-05-14T21:42:41.742671Z,10609099,1.35200000,202.17000000,buy,2022-05-14 21:42:41.742671+00:00
2022-05-14T21:42:38.803885Z,10609098,1.35300000,202.17000000,buy,2022-05-14 21:42:38.803885+00:00
2022-05-14T21:42:38.803885Z,10609097,1.35300000,40.00000000,buy,2022-05-14 21:42:38.803885+00:00
2022-05-14T21:42:38.803885Z,10609096,1.35300000,1000.00000000,buy,2022-05-14 21:42:38.803885+00:00
2022-05-14T21:42:32.7781Z,10609095,1.35300000,40.00000000,buy,2022-05-14 21:42:32.778100+00:00
2022-05-14T21:42:32.7781Z,10609094,1.35300000,381.34000000,buy,2022-05-14 21:42:32.778100+00:00
2022-05-14T21:42:27.611599Z,10609093,1.35200000,40.00000000,buy,2022-05-14 21:42:27.611599+00:00
2022-05-14T21:42:27.611599Z,10609092,1.35200000,202.17000000,buy,2022-05-14 21:42:27.611599+00:00
2022-05-14T21:42:21.971168Z,10609091,1.35200000,334.24000000,sell,2022-05-14 21:42:21.971168+00:00
2022-05-14T21:42:21.940085Z,10609090,1.35200000,95.77000000,sell,2022-05-14 21:42:21.940085+00:00
2022-05-14T21:42:21.940085Z,10609089,1.35200000,372.55000000,sell,2022-05-14 21:42:21.940085+00:00
2022-05-14T21:42:21.940085Z,10609088,1.35200000,20.00000000,sell,2022-05-14 21:42:21.940085+00:00
2022-05-14T21:42:21.940085Z,10609087,1.35200000,2.69000000,sell,2022-05-14 21:42:21.940085+00:00
2022-05-14T21:42:21.940085Z,10609086,1.35200000,8.99000000,sell,2022-05-14 21:42:21.940085+00:00
2022-05-14T21:42:19.742828Z,10609085,1.35100000,40.00000000,sell,2022-05-14 21:42:19.742828+00:00
2022-05-14T21:42:19.742828Z,10609084,1.35100000,148.73000000,sell,2022-05-14 21:42:19.742828+00:00
2022-05-14T21:42:19.742828Z,10609083,1.35000000,1.65000000,sell,2022-05-14 21:42:19.742828+00:00
2022-05-14T21:42:19.145526Z,10609082,1.34800000,71.49000000,sell,2022-05-14 21:42:19.145526+00:00
2022-05-14T21:42:18.553001Z,10609081,1.34500000,300.02000000,sell,2022-05-14 21:42:18.553001+00:00
2022-05-14T21:42:18.549316Z,10609080,1.34500000,749.99000000,sell,2022-05-14 21:42:18.549316+00:00
2022-05-14T21:42:18.549297Z,10609079,1.34500000,749.99000000,sell,2022-05-14 21:42:18.549297+00:00
2022-05-14T21:42:18.443509Z,10609078,1.34200000,38.97000000,buy,2022-05-14 21:42:18.443509+00:00
2022-05-14T21:42:18.434872Z,10609077,1.34500000,87.57000000,sell,2022-05-14 21:42:18.434872+00:00
2022-05-14T21:42:18.434872Z,10609076,1.34500000,410.00000000,sell,2022-05-14 21:42:18.434872+00:00
2022-05-14T21:42:18.434872Z,10609075,1.34400000,243.38000000,sell,2022-05-14 21:42:18.434872+00:00
2022-05-14T21:42:18.434872Z,10609074,1.34400000,9.04000000,sell,2022-05-14 21:42:18.434872+00:00
2022-05-14T21:42:18.409933Z,10609073,1.34300000,305.26000000,sell,2022-05-14 21:42:18.409933+00:00
2022-05-14T21:42:18.409933Z,10609072,1.34300000,124.75000000,sell,2022-05-14 21:42:18.409933+00:00
2022-05-14T21:42:18.385407Z,10609071,1.34100000,40.00000000,sell,2022-05-14 21:42:18.385407+00:00
2022-05-14T21:42:18.385407Z,10609070,1.34100000,0.50000000,sell,2022-05-14 21:42:18.385407+00:00
2022-05-14T21:42:18.385407Z,10609069,1.34100000,71.87000000,sell,2022-05-14 21:42:18.385407+00:00
2022-05-14T21:42:03.900666Z,10609068,1.33900000,35.43000000,buy,2022-05-14 21:42:03.900666+00:00
2022-05-14T21:41:29.85363Z,10609067,1.33600000,5.74000000,sell,2022-05-14 21:41:29.853630+00:00
2022-05-14T21:41:25.37123Z,10609066,1.33600000,2.94000000,sell,2022-05-14 21:41:25.371230+00:00
2022-05-14T21:40:22.039084Z,10609065,1.33600000,0.42000000,sell,2022-05-14 21:40:22.039084+00:00
2022-05-14T21:39:12.152167Z,10609064,1.33300000,6.53000000,buy,2022-05-14 21:39:12.152167+00:00
2022-05-14T21:38:25.599295Z,10609063,1.33500000,3.05000000,sell,2022-05-14 21:38:25.599295+00:00
2022-05-14T21:38:25.599295Z,10609062,1.33500000,0.64000000,sell,2022-05-14 21:38:25.599295+00:00
2022-05-14T21:36:54.956066Z,10609061,1.33100000,1.59000000,buy,2022-05-14 21:36:54.956066+00:00
2022-05-14T21:36:48.724652Z,10609060,1.33100000,7.51000000,buy,2022-05-14 21:36:48.724652+00:00
2022-05-14T21:35:26.279117Z,10609059,1.33100000,2.37000000,buy,2022-05-14 21:35:26.279117+00:00
2022-05-14T21:34:26.166209Z,10609058,1.33100000,73.14000000,buy,2022-05-14 21:34:26.166209+00:00
2022-05-14T21:34:14.724564Z,10609057,1.33100000,22.73000000,buy,2022-05-14 21:34:14.724564+00:00
2022-05-14T21:32:16.208481Z,10609056,1.33100000,40.00000000,sell,2022-05-14 21:32:16.208481+00:00
2022-05-14T21:32:16.208481Z,10609055,1.33100000,367.31000000,sell,2022-05-14 21:32:16.208481+00:00
2022-05-14T21:31:05.175801Z,10609054,1.33000000,334.10000000,sell,2022-05-14 21:31:05.175801+00:00
2022-05-14T21:29:46.916504Z,10609053,1.32700000,6.76000000,sell,2022-05-14 21:29:46.916504+00:00
2022-05-14T21:29:28.289772Z,10609052,1.32500000,71.17000000,buy,2022-05-14 21:29:28.289772+00:00
2022-05-14T21:29:28.289772Z,10609051,1.32500000,250.01000000,buy,2022-05-14 21:29:28.289772+00:00
2022-05-14T21:29:28.289499Z,10609050,1.32500000,749.99000000,buy,2022-05-14 21:29:28.289499+00:00
2022-05-14T21:28:10.188525Z,10609049,1.32500000,276.61000000,sell,2022-05-14 21:28:10.188525+00:00
2022-05-14T21:28:10.188525Z,10609048,1.32500000,40.00000000,sell,2022-05-14 21:28:10.188525+00:00
2022-05-14T21:28:10.188525Z,10609047,1.32500000,129.36000000,sell,2022-05-14 21:28:10.188525+00:00
2022-05-14T21:28:10.188525Z,10609046,1.32400000,54.03000000,sell,2022-05-14 21:28:10.188525+00:00
2022-05-14T21:28:10.08354Z,10609045,1.32500000,173.78000000,sell,2022-05-14 21:28:10.083540+00:00
2022-05-14T21:27:35.036226Z,10609044,1.32500000,320.91000000,sell,2022-05-14 21:27:35.036226+00:00
2022-05-14T21:27:35.036226Z,10609043,1.32500000,303.14000000,sell,2022-05-14 21:27:35.036226+00:00
2022-05-14T21:26:19.925902Z,10609042,1.32500000,166.66000000,sell,2022-05-14 21:26:19.925902+00:00
2022-05-14T21:25:48.375801Z,10609041,1.32400000,0.49000000,buy,2022-05-14 21:25:48.375801+00:00
2022-05-14T21:24:28.636263Z,10609040,1.32500000,17.67000000,sell,2022-05-14 21:24:28.636263+00:00
2022-05-14T21:23:47.227807Z,10609039,1.32300000,68.73000000,buy,2022-05-14 21:23:47.227807+00:00
2022-05-14T21:23:35.755912Z,10609038,1.32300000,102.06000000,buy,2022-05-14 21:23:35.755912+00:00
2022-05-14T21:23:25.757551Z,10609037,1.32300000,869.90000000,buy,2022-05-14 21:23:25.757551+00:00
2022-05-14T21:23:25.757551Z,10609036,1.32300000,151.11000000,buy,2022-05-14 21:23:25.757551+00:00
2022-05-14T21:22:52.081965Z,10609035,1.32200000,15.66000000,buy,2022-05-14 21:22:52.081965+00:00
2022-05-14T21:22:41.777649Z,10609034,1.32100000,15.36000000,buy,2022-05-14 21:22:41.777649+00:00
2022-05-14T21:22:02.555004Z,10609033,1.32100000,7.37000000,buy,2022-05-14 21:22:02.555004+00:00
2022-05-14T21:21:41.392683Z,10609032,1.32200000,56.72000000,buy,2022-05-14 21:21:41.392683+00:00
2022-05-14T21:21:38.421952Z,10609031,1.32200000,200.67000000,sell,2022-05-14 21:21:38.421952+00:00
2022-05-14T21:21:38.421952Z,10609030,1.32200000,227.02000000,sell,2022-05-14 21:21:38.421952+00:00
2022-05-14T21:21:38.418191Z,10609029,1.32200000,76.12000000,sell,2022-05-14 21:21:38.418191+00:00
2022-05-14T21:21:07.327674Z,10609028,1.32100000,350.00000000,sell,2022-05-14 21:21:07.327674+00:00
2022-05-14T21:21:00.255068Z,10609027,1.32000000,102.14000000,buy,2022-05-14 21:21:00.255068+00:00
2022-05-14T21:21:00.255068Z,10609026,1.32000000,121.58000000,buy,2022-05-14 21:21:00.255068+00:00
2022-05-14T21:20:16.089267Z,10609025,1.31900000,20.45000000,buy,2022-05-14 21:20:16.089267+00:00
2022-05-14T21:20:06.203679Z,10609024,1.32000000,0.40000000,buy,2022-05-14 21:20:06.203679+00:00
2022-05-14T21:20:06.203679Z,10609023,1.32000000,124.83000000,buy,2022-05-14 21:20:06.203679+00:00
2022-05-14T21:19:09.447779Z,10609022,1.31900000,405.01000000,buy,2022-05-14 21:19:09.447779+00:00
2022-05-14T21:18:33.231982Z,10609021,1.31900000,76.17000000,buy,2022-05-14 21:18:33.231982+00:00
2022-05-14T21:18:33.231982Z,10609020,1.31900000,13.99000000,buy,2022-05-14 21:18:33.231982+00:00
2022-05-14T21:18:33.213139Z,10609019,1.31900000,289.15000000,buy,2022-05-14 21:18:33.213139+00:00
2022-05-14T21:18:06.753346Z,10609018,1.32000000,0.23000000,sell,2022-05-14 21:18:06.753346+00:00
2022-05-14T21:17:48.0675Z,10609017,1.31900000,120.70000000,buy,2022-05-14 21:17:48.067500+00:00
2022-05-14T21:17:48.0675Z,10609016,1.31900000,1.25000000,buy,2022-05-14 21:17:48.067500+00:00
2022-05-14T21:17:48.0675Z,10609015,1.31900000,303.14000000,buy,2022-05-14 21:17:48.067500+00:00
2022-05-14T21:17:48.0675Z,10609014,1.31900000,151.57000000,buy,2022-05-14 21:17:48.067500+00:00
2022-05-14T21:17:48.0675Z,10609013,1.31900000,151.57000000,buy,2022-05-14 21:17:48.067500+00:00
2022-05-14T21:17:48.0675Z,10609012,1.31900000,520.00000000,buy,2022-05-14 21:17:48.067500+00:00
2022-05-14T21:17:48.0675Z,10609011,1.31900000,208.00000000,buy,2022-05-14 21:17:48.067500+00:00
2022-05-14T21:17:48.0675Z,10609010,1.32000000,121.79000000,buy,2022-05-14 21:17:48.067500+00:00
2022-05-14T21:17:10.11487Z,10609009,1.32000000,41.76000000,sell,2022-05-14 21:17:10.114870+00:00
2022-05-14T21:17:05.982014Z,10609008,1.32000000,117.08000000,buy,2022-05-14 21:17:05.982014+00:00
2022-05-14T21:16:39.356944Z,10609007,1.32000000,350.15000000,sell,2022-05-14 21:16:39.356944+00:00
2022-05-14T21:16:39.342727Z,10609006,1.32000000,855.03000000,sell,2022-05-14 21:16:39.342727+00:00
2022-05-14T21:16:39.186163Z,10609005,1.32000000,231.59000000,sell,2022-05-14 21:16:39.186163+00:00
2022-05-14T21:16:39.17488Z,10609004,1.32000000,711.65000000,sell,2022-05-14 21:16:39.174880+00:00
2022-05-14T21:16:39.081226Z,10609003,1.32000000,154.61000000,sell,2022-05-14 21:16:39.081226+00:00
2022-05-14T21:16:38.862Z,10609002,1.32000000,189.68000000,sell,2022-05-14 21:16:38.862000+00:00
2022-05-14T21:16:38.84918Z,10609001,1.32000000,0.47000000,sell,2022-05-14 21:16:38.849180+00:00
2022-05-14T21:16:38.738153Z,10609000,1.32000000,339.89000000,sell,2022-05-14 21:16:38.738153+00:00
2022-05-14T21:16:38.718733Z,10608999,1.32000000,208.00000000,sell,2022-05-14 21:16:38.718733+00:00
2022-05-14T21:16:38.653711Z,10608998,1.32000000,296.85000000,sell,2022-05-14 21:16:38.653711+00:00
2022-05-14T21:16:38.640278Z,10608997,1.32000000,48.10000000,sell,2022-05-14 21:16:38.640278+00:00
2022-05-14T21:16:38.632835Z,10608996,1.32000000,500.00000000,sell,2022-05-14 21:16:38.632835+00:00
2022-05-14T21:16:24.752743Z,10608995,1.32000000,113.98000000,buy,2022-05-14 21:16:24.752743+00:00
2022-05-14T21:16:24.752743Z,10608994,1.32000000,1000.00000000,buy,2022-05-14 21:16:24.752743+00:00
2022-05-14T21:15:14.405758Z,10608993,1.32100000,500.00000000,buy,2022-05-14 21:15:14.405758+00:00
2022-05-14T21:15:14.405758Z,10608992,1.32100000,123.43000000,buy,2022-05-14 21:15:14.405758+00:00
2022-05-14T21:14:25.404528Z,10608991,1.32100000,39.33000000,sell,2022-05-14 21:14:25.404528+00:00
2022-05-14T21:14:25.404528Z,10608990,1.32100000,208.00000000,sell,2022-05-14 21:14:25.404528+00:00
2022-05-14T21:14:25.404528Z,10608989,1.32100000,144.20000000,sell,2022-05-14 21:14:25.404528+00:00
2022-05-14T21:13:55.295853Z,10608988,1.32000000,343.71000000,sell,2022-05-14 21:13:55.295853+00:00
2022-05-14T21:13:55.273759Z,10608987,1.32000000,815.18000000,sell,2022-05-14 21:13:55.273759+00:00
2022-05-14T21:13:55.19121Z,10608986,1.32000000,96.45000000,sell,2022-05-14 21:13:55.191210+00:00
2022-05-14T21:13:55.159326Z,10608985,1.32000000,644.66000000,sell,2022-05-14 21:13:55.159326+00:00
2022-05-14T21:13:55.159326Z,10608984,1.32000000,155.34000000,sell,2022-05-14 21:13:55.159326+00:00
2022-05-14T21:13:06.088752Z,10608983,1.31900000,181.19000000,sell,2022-05-14 21:13:06.088752+00:00
2022-05-14T21:12:41.518949Z,10608982,1.31900000,9.04000000,sell,2022-05-14 21:12:41.518949+00:00
2022-05-14T21:12:14.32086Z,10608981,1.31800000,81.30000000,buy,2022-05-14 21:12:14.320860+00:00
2022-05-14T21:12:14.32086Z,10608980,1.31800000,9.10000000,buy,2022-05-14 21:12:14.320860+00:00
2022-05-14T21:12:14.32086Z,10608979,1.31900000,5.70000000,buy,2022-05-14 21:12:14.320860+00:00
2022-05-14T21:12:14.213378Z,10608978,1.32000000,20.08000000,buy,2022-05-14 21:12:14.213378+00:00
2022-05-14T21:12:14.213378Z,10608977,1.32000000,2.69000000,buy,2022-05-14 21:12:14.213378+00:00
2022-05-14T21:12:14.213378Z,10608976,1.32000000,94.16000000,buy,2022-05-14 21:12:14.213378+00:00
2022-05-14T21:11:30.94557Z,10608975,1.32300000,5.02000000,buy,2022-05-14 21:11:30.945570+00:00
2022-05-14T21:11:30.94557Z,10608974,1.32300000,4.85000000,buy,2022-05-14 21:11:30.945570+00:00
2022-05-14T21:11:30.94557Z,10608973,1.32300000,0.75000000,buy,2022-05-14 21:11:30.945570+00:00
2022-05-14T21:11:22.5062Z,10608972,1.32400000,2.54000000,buy,2022-05-14 21:11:22.506200+00:00
2022-05-14T21:11:22.5062Z,10608971,1.32400000,4.37000000,buy,2022-05-14 21:11:22.506200+00:00
2022-05-14T21:11:22.5062Z,10608970,1.32400000,5.48000000,buy,2022-05-14 21:11:22.506200+00:00
2022-05-14T21:11:22.5062Z,10608969,1.32400000,2.79000000,buy,2022-05-14 21:11:22.506200+00:00
2022-05-14T21:11:03.993418Z,10608968,1.32700000,503.66000000,buy,2022-05-14 21:11:03.993418+00:00
2022-05-14T21:11:03.989575Z,10608967,1.32700000,436.84000000,buy,2022-05-14 21:11:03.989575+00:00
2022-05-14T21:11:03.989562Z,10608966,1.32700000,229.30000000,buy,2022-05-14 21:11:03.989562+00:00
2022-05-14T21:10:57.254912Z,10608965,1.32700000,124.36000000,buy,2022-05-14 21:10:57.254912+00:00
2022-05-14T21:10:56.827638Z,10608964,1.32700000,83.69000000,buy,2022-05-14 21:10:56.827638+00:00
2022-05-14T21:10:56.803726Z,10608963,1.32700000,422.32000000,buy,2022-05-14 21:10:56.803726+00:00
2022-05-14T21:10:56.790129Z,10608962,1.32700000,76.87000000,buy,2022-05-14 21:10:56.790129+00:00
2022-05-14T21:10:56.790129Z,10608961,1.32700000,142.21000000,buy,2022-05-14 21:10:56.790129+00:00
2022-05-14T21:10:56.775771Z,10608960,1.32700000,8.44000000,buy,2022-05-14 21:10:56.775771+00:00
2022-05-14T21:10:56.775771Z,10608959,1.32700000,50.15000000,buy,2022-05-14 21:10:56.775771+00:00
2022-05-14T21:10:56.761548Z,10608958,1.32700000,766.51000000,buy,2022-05-14 21:10:56.761548+00:00
2022-05-14T21:10:56.717414Z,10608957,1.32700000,183.34000000,buy,2022-05-14 21:10:56.717414+00:00
2022-05-14T21:10:56.717414Z,10608956,1.32700000,1159.31000000,buy,2022-05-14 21:10:56.717414+00:00
2022-05-14T21:10:38.221148Z,10608955,1.32800000,54.46000000,buy,2022-05-14 21:10:38.221148+00:00
2022-05-14T21:09:59.85556Z,10608954,1.32800000,173.93000000,buy,2022-05-14 21:09:59.855560+00:00
2022-05-14T21:09:54.222169Z,10608953,1.33000000,0.47000000,sell,2022-05-14 21:09:54.222169+00:00
2022-05-14T21:09:32.894282Z,10608952,1.32900000,223.23000000,sell,2022-05-14 21:09:32.894282+00:00
2022-05-14T21:09:27.059933Z,10608951,1.32800000,150.85000000,sell,2022-05-14 21:09:27.059933+00:00
2022-05-14T21:09:09.698007Z,10608950,1.32700000,243.72000000,sell,2022-05-14 21:09:09.698007+00:00
2022-05-14T21:09:09.682308Z,10608949,1.32700000,302.63000000,sell,2022-05-14 21:09:09.682308+00:00
2022-05-14T21:09:09.682308Z,10608948,1.32700000,0.03000000,sell,2022-05-14 21:09:09.682308+00:00
2022-05-14T21:09:09.667526Z,10608947,1.32700000,174.12000000,sell,2022-05-14 21:09:09.667526+00:00
2022-05-14T21:09:01.192838Z,10608946,1.32600000,199.45000000,sell,2022-05-14 21:09:01.192838+00:00
2022-05-14T21:08:11.837187Z,10608945,1.32600000,703.32000000,buy,2022-05-14 21:08:11.837187+00:00
2022-05-14T21:08:10.537135Z,10608944,1.32600000,296.67000000,buy,2022-05-14 21:08:10.537135+00:00
2022-05-14T21:08:09.463279Z,10608943,1.32600000,393.40000000,sell,2022-05-14 21:08:09.463279+00:00
2022-05-14T21:08:09.463279Z,10608942,1.32600000,259.99000000,sell,2022-05-14 21:08:09.463279+00:00
2022-05-14T21:08:09.463279Z,10608941,1.32600000,303.14000000,sell,2022-05-14 21:08:09.463279+00:00
2022-05-14T21:07:38.764094Z,10608940,1.32400000,76.93000000,buy,2022-05-14 21:07:38.764094+00:00
2022-05-14T21:07:37.886629Z,10608939,1.32500000,195.30000000,sell,2022-05-14 21:07:37.886629+00:00
2022-05-14T21:07:24.75012Z,10608938,1.32600000,5.00000000,sell,2022-05-14 21:07:24.750120+00:00
2022-05-14T21:07:18.303367Z,10608937,1.32500000,193.77000000,sell,2022-05-14 21:07:18.303367+00:00
2022-05-14T21:07:17.845462Z,10608936,1.32500000,43.33000000,sell,2022-05-14 21:07:17.845462+00:00
2022-05-14T21:07:17.758883Z,10608935,1.32500000,169.88000000,sell,2022-05-14 21:07:17.758883+00:00
2022-05-14T21:07:17.758883Z,10608934,1.32500000,303.14000000,sell,2022-05-14 21:07:17.758883+00:00
2022-05-14T21:07:17.684037Z,10608933,1.32400000,101.23000000,sell,2022-05-14 21:07:17.684037+00:00
2022-05-14T21:07:17.684037Z,10608932,1.32400000,197.50000000,sell,2022-05-14 21:07:17.684037+00:00
2022-05-14T21:06:56.32538Z,10608931,1.32300000,205.45000000,sell,2022-05-14 21:06:56.325380+00:00
2022-05-14T21:06:56.109078Z,10608930,1.32300000,62.80000000,sell,2022-05-14 21:06:56.109078+00:00
2022-05-14T21:06:56.09704Z,10608929,1.32300000,193.96000000,sell,2022-05-14 21:06:56.097040+00:00
2022-05-14T21:06:55.922696Z,10608928,1.32300000,172.84000000,sell,2022-05-14 21:06:55.922696+00:00
2022-05-14T21:06:55.922696Z,10608927,1.32300000,78.46000000,sell,2022-05-14 21:06:55.922696+00:00
2022-05-14T21:06:34.369489Z,10608926,1.32400000,0.74000000,sell,2022-05-14 21:06:34.369489+00:00
2022-05-14T21:06:25.831576Z,10608925,1.32300000,208.41000000,sell,2022-05-14 21:06:25.831576+00:00
2022-05-14T21:06:25.831576Z,10608924,1.32300000,23.49000000,sell,2022-05-14 21:06:25.831576+00:00
2022-05-14T21:06:05.861474Z,10608923,1.32100000,103.55000000,buy,2022-05-14 21:06:05.861474+00:00
2022-05-14T21:06:00.484288Z,10608922,1.32200000,57.58000000,sell,2022-05-14 21:06:00.484288+00:00
2022-05-14T21:06:00.14485Z,10608921,1.32200000,262.53000000,sell,2022-05-14 21:06:00.144850+00:00
2022-05-14T21:05:54.556003Z,10608920,1.32200000,71.87000000,buy,2022-05-14 21:05:54.556003+00:00
2022-05-14T21:05:26.831971Z,10608919,1.32300000,18.51000000,sell,2022-05-14 21:05:26.831971+00:00
2022-05-14T21:05:26.831971Z,10608918,1.32300000,187.96000000,sell,2022-05-14 21:05:26.831971+00:00
2022-05-14T21:05:03.1649Z,10608917,1.32300000,229.78000000,sell,2022-05-14 21:05:03.164900+00:00
2022-05-14T21:05:03.1649Z,10608916,1.32300000,117.43000000,sell,2022-05-14 21:05:03.164900+00:00
2022-05-14T21:04:56.793629Z,10608915,1.32300000,0.97000000,buy,2022-05-14 21:04:56.793629+00:00
2022-05-14T21:04:56.616975Z,10608914,1.32400000,0.40000000,buy,2022-05-14 21:04:56.616975+00:00
2022-05-14T21:04:56.616975Z,10608913,1.32400000,114.93000000,buy,2022-05-14 21:04:56.616975+00:00
2022-05-14T21:04:33.074643Z,10608912,1.32500000,196.31000000,sell,2022-05-14 21:04:33.074643+00:00
2022-05-14T21:04:33.074643Z,10608911,1.32500000,520.00000000,sell,2022-05-14 21:04:33.074643+00:00
2022-05-14T21:04:33.074643Z,10608910,1.32500000,208.00000000,sell,2022-05-14 21:04:33.074643+00:00
2022-05-14T21:04:01.668106Z,10608909,1.32500000,182.88000000,sell,2022-05-14 21:04:01.668106+00:00
2022-05-14T21:04:01.668106Z,10608908,1.32500000,520.00000000,sell,2022-05-14 21:04:01.668106+00:00
2022-05-14T21:04:01.668106Z,10608907,1.32500000,208.00000000,sell,2022-05-14 21:04:01.668106+00:00
2022-05-14T21:03:51.618207Z,10608906,1.32600000,258.73000000,buy,2022-05-14 21:03:51.618207+00:00
2022-05-14T21:03:51.457727Z,10608905,1.32600000,96.22000000,buy,2022-05-14 21:03:51.457727+00:00
2022-05-14T21:03:51.428095Z,10608904,1.32600000,890.53000000,buy,2022-05-14 21:03:51.428095+00:00
2022-05-14T21:03:51.411393Z,10608903,1.32600000,51.19000000,buy,2022-05-14 21:03:51.411393+00:00
2022-05-14T21:03:51.325185Z,10608902,1.32600000,49.18000000,buy,2022-05-14 21:03:51.325185+00:00
2022-05-14T21:03:50.914022Z,10608901,1.32600000,82.51000000,buy,2022-05-14 21:03:50.914022+00:00
2022-05-14T21:03:50.905037Z,10608900,1.32600000,48.57000000,buy,2022-05-14 21:03:50.905037+00:00
2022-05-14T21:03:50.888587Z,10608899,1.32600000,47.93000000,buy,2022-05-14 21:03:50.888587+00:00
2022-05-14T21:03:50.88414Z,10608898,1.32600000,47.31000000,buy,2022-05-14 21:03:50.884140+00:00
2022-05-14T21:03:50.863713Z,10608897,1.32600000,46.67000000,buy,2022-05-14 21:03:50.863713+00:00
2022-05-14T21:03:50.824104Z,10608896,1.32600000,46.02000000,buy,2022-05-14 21:03:50.824104+00:00
2022-05-14T21:03:50.816618Z,10608895,1.32600000,422.25000000,buy,2022-05-14 21:03:50.816618+00:00
2022-05-14T21:03:50.796904Z,10608894,1.32600000,38.17000000,buy,2022-05-14 21:03:50.796904+00:00
2022-05-14T21:03:50.781079Z,10608893,1.32600000,243.83000000,buy,2022-05-14 21:03:50.781079+00:00
2022-05-14T21:03:50.770357Z,10608892,1.32600000,4160.00000000,buy,2022-05-14 21:03:50.770357+00:00
2022-05-14T21:03:50.671869Z,10608891,1.32600000,242.13000000,buy,2022-05-14 21:03:50.671869+00:00
2022-05-14T21:03:50.655283Z,10608890,1.32600000,70.36000000,buy,2022-05-14 21:03:50.655283+00:00
2022-05-14T21:03:50.651054Z,10608889,1.32600000,165.85000000,buy,2022-05-14 21:03:50.651054+00:00
2022-05-14T21:03:50.646416Z,10608888,1.32600000,95.62000000,buy,2022-05-14 21:03:50.646416+00:00
2022-05-14T21:03:50.585868Z,10608887,1.32600000,96.31000000,buy,2022-05-14 21:03:50.585868+00:00
2022-05-14T21:03:50.510704Z,10608886,1.32600000,622.01000000,buy,2022-05-14 21:03:50.510704+00:00
2022-05-14T21:03:31.464927Z,10608885,1.32700000,8.21000000,sell,2022-05-14 21:03:31.464927+00:00
2022-05-14T21:03:30.909504Z,10608884,1.32600000,75.41000000,buy,2022-05-14 21:03:30.909504+00:00
2022-05-14T21:03:30.191066Z,10608883,1.32600000,88.46000000,buy,2022-05-14 21:03:30.191066+00:00
2022-05-14T21:03:28.940952Z,10608882,1.32600000,26.22000000,buy,2022-05-14 21:03:28.940952+00:00
2022-05-14T21:03:25.744079Z,10608881,1.32600000,11.68000000,buy,2022-05-14 21:03:25.744079+00:00
2022-05-14T21:03:25.732009Z,10608880,1.32600000,8.71000000,buy,2022-05-14 21:03:25.732009+00:00
2022-05-14T21:03:25.724573Z,10608879,1.32600000,3.57000000,buy,2022-05-14 21:03:25.724573+00:00
2022-05-14T21:03:18.818479Z,10608878,1.32700000,0.01000000,buy,2022-05-14 21:03:18.818479+00:00
2022-05-14T21:03:18.81834Z,10608877,1.32700000,303.13000000,buy,2022-05-14 21:03:18.818340+00:00
2022-05-14T21:03:18.726151Z,10608876,1.32800000,1.43000000,buy,2022-05-14 21:03:18.726151+00:00
2022-05-14T21:03:18.722181Z,10608875,1.32800000,301.71000000,buy,2022-05-14 21:03:18.722181+00:00
2022-05-14T21:03:18.722181Z,10608874,1.32800000,103.05000000,buy,2022-05-14 21:03:18.722181+00:00
2022-05-14T21:03:18.617134Z,10608873,1.32900000,0.84000000,buy,2022-05-14 21:03:18.617134+00:00
2022-05-14T21:03:18.617134Z,10608872,1.32900000,0.60000000,buy,2022-05-14 21:03:18.617134+00:00
2022-05-14T21:03:18.617134Z,10608871,1.32900000,9.80000000,buy,2022-05-14 21:03:18.617134+00:00
2022-05-14T21:03:18.6071Z,10608870,1.32900000,58.22000000,buy,2022-05-14 21:03:18.607100+00:00
2022-05-14T21:03:18.597945Z,10608869,1.32900000,38.93000000,buy,2022-05-14 21:03:18.597945+00:00
2022-05-14T21:03:18.56695Z,10608868,1.32900000,381.68000000,buy,2022-05-14 21:03:18.566950+00:00
2022-05-14T21:03:18.542801Z,10608867,1.33000000,10.00000000,buy,2022-05-14 21:03:18.542801+00:00
2022-05-14T21:03:18.542505Z,10608866,1.32900000,444.84000000,buy,2022-05-14 21:03:18.542505+00:00
2022-05-14T21:03:18.542505Z,10608865,1.32900000,208.00000000,buy,2022-05-14 21:03:18.542505+00:00
2022-05-14T21:03:18.542505Z,10608864,1.33000000,97.15000000,buy,2022-05-14 21:03:18.542505+00:00
2022-05-14T21:03:18.538591Z,10608863,1.33000000,314.30000000,buy,2022-05-14 21:03:18.538591+00:00
2022-05-14T21:03:18.538591Z,10608862,1.33000000,1.34000000,buy,2022-05-14 21:03:18.538591+00:00
2022-05-14T21:03:18.538591Z,10608861,1.33000000,216.00000000,buy,2022-05-14 21:03:18.538591+00:00
2022-05-14T21:03:18.538591Z,10608860,1.33000000,216.00000000,buy,2022-05-14 21:03:18.538591+00:00
2022-05-14T21:03:18.538591Z,10608859,1.33000000,2.35000000,buy,2022-05-14 21:03:18.538591+00:00
2022-05-14T21:03:18.527118Z,10608858,1.33000000,3279.76000000,buy,2022-05-14 21:03:18.527118+00:00
2022-05-14T21:03:18.527118Z,10608857,1.33000000,3708.56000000,buy,2022-05-14 21:03:18.527118+00:00
2022-05-14T21:03:18.527118Z,10608856,1.33000000,1.55000000,buy,2022-05-14 21:03:18.527118+00:00
2022-05-14T21:03:18.527118Z,10608855,1.33000000,3.05000000,buy,2022-05-14 21:03:18.527118+00:00
2022-05-14T21:03:18.527118Z,10608854,1.33000000,359.99000000,buy,2022-05-14 21:03:18.527118+00:00
2022-05-14T21:03:18.527118Z,10608853,1.33000000,303.14000000,buy,2022-05-14 21:03:18.527118+00:00
2022-05-14T21:03:18.527118Z,10608852,1.33000000,208.00000000,buy,2022-05-14 21:03:18.527118+00:00
2022-05-14T21:03:18.527118Z,10608851,1.33100000,171.39000000,buy,2022-05-14 21:03:18.527118+00:00
2022-05-14T21:03:17.174093Z,10608850,1.33200000,112.55000000,buy,2022-05-14 21:03:17.174093+00:00
2022-05-14T21:03:14.983166Z,10608849,1.33300000,462.62000000,buy,2022-05-14 21:03:14.983166+00:00
2022-05-14T21:03:14.955343Z,10608848,1.33300000,537.38000000,buy,2022-05-14 21:03:14.955343+00:00
2022-05-14T21:03:14.955343Z,10608847,1.33300000,114.57000000,buy,2022-05-14 21:03:14.955343+00:00
2022-05-14T21:02:49.205281Z,10608846,1.33300000,3.06000000,buy,2022-05-14 21:02:49.205281+00:00
2022-05-14T21:02:03.086223Z,10608845,1.33300000,208.82000000,sell,2022-05-14 21:02:03.086223+00:00
2022-05-14T21:02:02.453974Z,10608844,1.33300000,248.51000000,sell,2022-05-14 21:02:02.453974+00:00
2022-05-14T21:01:48.047723Z,10608843,1.33300000,199.96000000,sell,2022-05-14 21:01:48.047723+00:00
2022-05-14T21:01:40.41491Z,10608842,1.33200000,124.07000000,buy,2022-05-14 21:01:40.414910+00:00
2022-05-14T21:01:32.398175Z,10608841,1.33200000,29.06000000,sell,2022-05-14 21:01:32.398175+00:00
2022-05-14T21:01:32.397942Z,10608840,1.33200000,233.59000000,sell,2022-05-14 21:01:32.397942+00:00
2022-05-14T21:01:28.342642Z,10608839,1.33100000,66.94000000,buy,2022-05-14 21:01:28.342642+00:00
2022-05-14T21:01:27.659785Z,10608838,1.33100000,80.69000000,buy,2022-05-14 21:01:27.659785+00:00
2022-05-14T21:01:27.589576Z,10608837,1.33100000,183.66000000,buy,2022-05-14 21:01:27.589576+00:00
2022-05-14T21:01:27.322139Z,10608836,1.33100000,220.49000000,sell,2022-05-14 21:01:27.322139+00:00
2022-05-14T21:01:15.452366Z,10608835,1.33100000,240.08000000,sell,2022-05-14 21:01:15.452366+00:00
2022-05-14T21:01:13.640505Z,10608834,1.33000000,149.81000000,sell,2022-05-14 21:01:13.640505+00:00
2022-05-14T21:01:13.640505Z,10608833,1.33000000,72.83000000,sell,2022-05-14 21:01:13.640505+00:00
2022-05-14T21:00:57.553716Z,10608832,1.33000000,221.15000000,sell,2022-05-14 21:00:57.553716+00:00
2022-05-14T21:00:51.381443Z,10608831,1.33000000,0.72000000,sell,2022-05-14 21:00:51.381443+00:00
2022-05-14T21:00:37.693805Z,10608830,1.33000000,0.73000000,sell,2022-05-14 21:00:37.693805+00:00
2022-05-14T21:00:26.776415Z,10608829,1.32900000,196.99000000,sell,2022-05-14 21:00:26.776415+00:00
2022-05-14T21:00:26.776415Z,10608828,1.32900000,55.50000000,sell,2022-05-14 21:00:26.776415+00:00
2022-05-14T21:00:19.303458Z,10608827,1.32800000,143.86000000,sell,2022-05-14 21:00:19.303458+00:00
2022-05-14T21:00:19.297096Z,10608826,1.32800000,42.89000000,sell,2022-05-14 21:00:19.297096+00:00
2022-05-14T20:59:54.675029Z,10608825,1.32700000,116.22000000,buy,2022-05-14 20:59:54.675029+00:00
2022-05-14T20:59:35.756276Z,10608824,1.32700000,27.80000000,buy,2022-05-14 20:59:35.756276+00:00
2022-05-14T20:59:35.756276Z,10608823,1.32700000,1000.00000000,buy,2022-05-14 20:59:35.756276+00:00
2022-05-14T20:59:22.23732Z,10608822,1.32800000,0.57000000,sell,2022-05-14 20:59:22.237320+00:00
2022-05-14T20:59:22.229752Z,10608821,1.32800000,44.19000000,sell,2022-05-14 20:59:22.229752+00:00
2022-05-14T20:59:22.177719Z,10608820,1.32800000,233.12000000,sell,2022-05-14 20:59:22.177719+00:00
2022-05-14T20:59:22.177719Z,10608819,1.32800000,125.57000000,sell,2022-05-14 20:59:22.177719+00:00
2022-05-14T20:58:55.964342Z,10608818,1.32800000,17.94000000,sell,2022-05-14 20:58:55.964342+00:00
2022-05-14T20:58:55.958829Z,10608817,1.32800000,81.14000000,sell,2022-05-14 20:58:55.958829+00:00
2022-05-14T20:58:55.950356Z,10608816,1.32800000,35.19000000,sell,2022-05-14 20:58:55.950356+00:00
2022-05-14T20:58:55.947056Z,10608815,1.32800000,33.82000000,sell,2022-05-14 20:58:55.947056+00:00
2022-05-14T20:58:55.485646Z,10608814,1.32800000,105.71000000,sell,2022-05-14 20:58:55.485646+00:00
2022-05-14T20:58:55.485646Z,10608813,1.32800000,113.71000000,sell,2022-05-14 20:58:55.485646+00:00
2022-05-14T20:58:20.570397Z,10608812,1.32900000,54.67000000,sell,2022-05-14 20:58:20.570397+00:00
2022-05-14T20:58:20.570397Z,10608811,1.32900000,13.61000000,sell,2022-05-14 20:58:20.570397+00:00
2022-05-14T20:58:20.543917Z,10608810,1.32900000,55.50000000,sell,2022-05-14 20:58:20.543917+00:00
2022-05-14T20:58:20.543917Z,10608809,1.32900000,8.52000000,sell,2022-05-14 20:58:20.543917+00:00
2022-05-14T20:58:04.137797Z,10608808,1.32800000,25.00000000,buy,2022-05-14 20:58:04.137797+00:00
2022-05-14T20:58:04.019493Z,10608807,1.32800000,22.71000000,buy,2022-05-14 20:58:04.019493+00:00
2022-05-14T20:58:04.019493Z,10608806,1.32800000,150.42000000,buy,2022-05-14 20:58:04.019493+00:00
2022-05-14T20:58:04.019493Z,10608805,1.32800000,150.42000000,buy,2022-05-14 20:58:04.019493+00:00
2022-05-14T20:58:01.071302Z,10608804,1.32900000,57.95000000,sell,2022-05-14 20:58:01.071302+00:00
2022-05-14T20:57:57.277945Z,10608803,1.32900000,50.66000000,sell,2022-05-14 20:57:57.277945+00:00
2022-05-14T20:57:57.196686Z,10608802,1.32900000,67.60000000,sell,2022-05-14 20:57:57.196686+00:00
2022-05-14T20:57:46.927325Z,10608801,1.32800000,218.30000000,sell,2022-05-14 20:57:46.927325+00:00
2022-05-14T20:57:14.27525Z,10608800,1.32800000,76.44000000,sell,2022-05-14 20:57:14.275250+00:00
2022-05-14T20:57:09.14281Z,10608799,1.32700000,290.60000000,sell,2022-05-14 20:57:09.142810+00:00
2022-05-14T20:57:00.958848Z,10608798,1.32700000,131.09000000,buy,2022-05-14 20:57:00.958848+00:00
2022-05-14T20:57:00.956178Z,10608797,1.32700000,520.00000000,buy,2022-05-14 20:57:00.956178+00:00
2022-05-14T20:57:00.950618Z,10608796,1.32700000,81.23000000,buy,2022-05-14 20:57:00.950618+00:00
2022-05-14T20:57:00.933837Z,10608795,1.32700000,172.96000000,buy,2022-05-14 20:57:00.933837+00:00
2022-05-14T20:57:00.933837Z,10608794,1.32700000,6.97000000,buy,2022-05-14 20:57:00.933837+00:00
2022-05-14T20:57:00.933837Z,10608793,1.32700000,520.00000000,buy,2022-05-14 20:57:00.933837+00:00
2022-05-14T20:57:00.933837Z,10608792,1.32700000,208.00000000,buy,2022-05-14 20:57:00.933837+00:00
2022-05-14T20:56:59.255479Z,10608791,1.32800000,466.23000000,buy,2022-05-14 20:56:59.255479+00:00
2022-05-14T20:56:58.303005Z,10608790,1.32900000,201.92000000,sell,2022-05-14 20:56:58.303005+00:00
2022-05-14T20:56:58.303005Z,10608789,1.32900000,208.00000000,sell,2022-05-14 20:56:58.303005+00:00
2022-05-14T20:56:57.783724Z,10608788,1.32900000,1.77000000,buy,2022-05-14 20:56:57.783724+00:00
2022-05-14T20:56:57.783724Z,10608787,1.32900000,0.66000000,buy,2022-05-14 20:56:57.783724+00:00
2022-05-14T20:56:57.517784Z,10608786,1.33000000,150.19000000,buy,2022-05-14 20:56:57.517784+00:00
2022-05-14T20:56:57.517784Z,10608785,1.33000000,32.99000000,buy,2022-05-14 20:56:57.517784+00:00
2022-05-14T20:56:57.506622Z,10608784,1.33000000,117.20000000,buy,2022-05-14 20:56:57.506622+00:00
2022-05-14T20:56:20.356405Z,10608783,1.33000000,223.49000000,sell,2022-05-14 20:56:20.356405+00:00
2022-05-14T20:56:08.82206Z,10608782,1.32900000,263.56000000,sell,2022-05-14 20:56:08.822060+00:00
2022-05-14T20:56:01.549697Z,10608781,1.32800000,0.92000000,buy,2022-05-14 20:56:01.549697+00:00
2022-05-14T20:55:49.531935Z,10608780,1.32900000,61.79000000,sell,2022-05-14 20:55:49.531935+00:00
2022-05-14T20:55:49.531935Z,10608779,1.32900000,120.91000000,sell,2022-05-14 20:55:49.531935+00:00
2022-05-14T20:55:48.179824Z,10608778,1.32800000,0.01000000,sell,2022-05-14 20:55:48.179824+00:00
2022-05-14T20:55:48.179707Z,10608777,1.32800000,239.68000000,sell,2022-05-14 20:55:48.179707+00:00
2022-05-14T20:55:48.179707Z,10608776,1.32800000,23.41000000,sell,2022-05-14 20:55:48.179707+00:00
2022-05-14T20:55:25.467734Z,10608775,1.32800000,121.72000000,buy,2022-05-14 20:55:25.467734+00:00
2022-05-14T20:55:18.541446Z,10608774,1.32800000,19.78000000,sell,2022-05-14 20:55:18.541446+00:00
2022-05-14T20:55:18.541446Z,10608773,1.32800000,42.20000000,sell,2022-05-14 20:55:18.541446+00:00
2022-05-14T20:55:18.516254Z,10608772,1.32800000,203.72000000,sell,2022-05-14 20:55:18.516254+00:00
2022-05-14T20:55:09.362354Z,10608771,1.32800000,114.63000000,buy,2022-05-14 20:55:09.362354+00:00
2022-05-14T20:55:07.374349Z,10608770,1.32900000,166.46000000,sell,2022-05-14 20:55:07.374349+00:00
2022-05-14T20:55:07.086096Z,10608769,1.32900000,264.83000000,sell,2022-05-14 20:55:07.086096+00:00
2022-05-14T20:55:06.897521Z,10608768,1.32800000,97.91000000,sell,2022-05-14 20:55:06.897521+00:00
2022-05-14T20:55:06.897521Z,10608767,1.32800000,173.82000000,sell,2022-05-14 20:55:06.897521+00:00
2022-05-14T20:55:02.858871Z,10608766,1.32700000,88.71000000,sell,2022-05-14 20:55:02.858871+00:00
2022-05-14T20:55:02.846635Z,10608765,1.32700000,200.53000000,sell,2022-05-14 20:55:02.846635+00:00
2022-05-14T20:54:54.757652Z,10608764,1.32700000,114.80000000,buy,2022-05-14 20:54:54.757652+00:00
2022-05-14T20:54:53.435935Z,10608763,1.32800000,150.42000000,buy,2022-05-14 20:54:53.435935+00:00
2022-05-14T20:54:53.386168Z,10608762,1.32800000,486.29000000,buy,2022-05-14 20:54:53.386168+00:00
2022-05-14T20:54:53.386168Z,10608761,1.32800000,120.92000000,buy,2022-05-14 20:54:53.386168+00:00
2022-05-14T20:54:48.407298Z,10608760,1.32900000,121.49000000,buy,2022-05-14 20:54:48.407298+00:00
2022-05-14T20:54:41.545438Z,10608759,1.33100000,35.86000000,sell,2022-05-14 20:54:41.545438+00:00
2022-05-14T20:54:15.64806Z,10608758,1.33100000,520.00000000,sell,2022-05-14 20:54:15.648060+00:00
2022-05-14T20:54:15.64806Z,10608757,1.33100000,208.70000000,sell,2022-05-14 20:54:15.648060+00:00
2022-05-14T20:54:14.775856Z,10608756,1.33100000,7.45000000,sell,2022-05-14 20:54:14.775856+00:00
2022-05-14T20:54:14.775856Z,10608755,1.33100000,0.01000000,sell,2022-05-14 20:54:14.775856+00:00
2022-05-14T20:54:14.540486Z,10608754,1.33000000,205.05000000,sell,2022-05-14 20:54:14.540486+00:00
2022-05-14T20:53:28.36697Z,10608753,1.33000000,0.47000000,sell,2022-05-14 20:53:28.366970+00:00
2022-05-14T20:53:24.605063Z,10608752,1.32900000,497.19000000,buy,2022-05-14 20:53:24.605063+00:00
2022-05-14T20:53:24.596005Z,10608751,1.32900000,79.13000000,buy,2022-05-14 20:53:24.596005+00:00
2022-05-14T20:53:24.59116Z,10608750,1.32900000,35.71000000,buy,2022-05-14 20:53:24.591160+00:00
2022-05-14T20:53:24.59116Z,10608749,1.32900000,1.21000000,buy,2022-05-14 20:53:24.591160+00:00
2022-05-14T20:53:23.664529Z,10608748,1.33000000,150.19000000,buy,2022-05-14 20:53:23.664529+00:00
2022-05-14T20:53:23.664529Z,10608747,1.33000000,150.19000000,buy,2022-05-14 20:53:23.664529+00:00
2022-05-14T20:53:23.664529Z,10608746,1.33000000,150.19000000,buy,2022-05-14 20:53:23.664529+00:00
2022-05-14T20:53:23.664529Z,10608745,1.33000000,150.19000000,buy,2022-05-14 20:53:23.664529+00:00
2022-05-14T20:53:23.664529Z,10608744,1.33000000,150.19000000,buy,2022-05-14 20:53:23.664529+00:00
2022-05-14T20:53:18.187207Z,10608743,1.33000000,160.92000000,buy,2022-05-14 20:53:18.187207+00:00
2022-05-14T20:53:18.187207Z,10608742,1.33000000,49.45000000,buy,2022-05-14 20:53:18.187207+00:00
2022-05-14T20:53:10.052951Z,10608741,1.33100000,253.43000000,sell,2022-05-14 20:53:10.052951+00:00
2022-05-14T20:53:07.968707Z,10608740,1.33100000,14.99000000,sell,2022-05-14 20:53:07.968707+00:00
2022-05-14T20:53:02.262949Z,10608739,1.33000000,75.01000000,buy,2022-05-14 20:53:02.262949+00:00
2022-05-14T20:52:45.653199Z,10608738,1.33100000,64.47000000,buy,2022-05-14 20:52:45.653199+00:00
2022-05-14T20:52:45.531819Z,10608737,1.33100000,87.56000000,buy,2022-05-14 20:52:45.531819+00:00
2022-05-14T20:52:45.527657Z,10608736,1.33100000,109.69000000,buy,2022-05-14 20:52:45.527657+00:00
2022-05-14T20:52:39.874184Z,10608735,1.33100000,889.24000000,buy,2022-05-14 20:52:39.874184+00:00
2022-05-14T20:52:29.285782Z,10608734,1.33100000,216.59000000,sell,2022-05-14 20:52:29.285782+00:00
2022-05-14T20:52:28.549365Z,10608733,1.33000000,231.19000000,sell,2022-05-14 20:52:28.549365+00:00
2022-05-14T20:52:28.400928Z,10608732,1.33000000,22.56000000,sell,2022-05-14 20:52:28.400928+00:00
2022-05-14T20:52:28.286556Z,10608731,1.33000000,22.56000000,sell,2022-05-14 20:52:28.286556+00:00
2022-05-14T20:52:28.151706Z,10608730,1.33000000,201.92000000,sell,2022-05-14 20:52:28.151706+00:00
2022-05-14T20:52:19.974858Z,10608729,1.32900000,171.46000000,buy,2022-05-14 20:52:19.974858+00:00
2022-05-14T20:52:19.974858Z,10608728,1.32900000,520.00000000,buy,2022-05-14 20:52:19.974858+00:00
2022-05-14T20:52:18.200524Z,10608727,1.32900000,23.33000000,buy,2022-05-14 20:52:18.200524+00:00
2022-05-14T20:52:02.371975Z,10608726,1.33000000,205.95000000,sell,2022-05-14 20:52:02.371975+00:00
2022-05-14T20:51:54.984466Z,10608725,1.32900000,276.11000000,sell,2022-05-14 20:51:54.984466+00:00
2022-05-14T20:51:54.960644Z,10608724,1.32800000,221.97000000,sell,2022-05-14 20:51:54.960644+00:00
2022-05-14T20:51:54.939371Z,10608723,1.32800000,46.46000000,sell,2022-05-14 20:51:54.939371+00:00
2022-05-14T20:51:53.531015Z,10608722,1.32800000,20.06000000,sell,2022-05-14 20:51:53.531015+00:00
2022-05-14T20:51:53.531015Z,10608721,1.32800000,23.62000000,sell,2022-05-14 20:51:53.531015+00:00
2022-05-14T20:51:53.531015Z,10608720,1.32800000,156.32000000,sell,2022-05-14 20:51:53.531015+00:00
2022-05-14T20:51:45.46535Z,10608719,1.32800000,110.53000000,sell,2022-05-14 20:51:45.465350+00:00
2022-05-14T20:51:45.46535Z,10608718,1.32800000,89.47000000,sell,2022-05-14 20:51:45.465350+00:00
2022-05-14T20:51:39.125057Z,10608717,1.32800000,30.10000000,sell,2022-05-14 20:51:39.125057+00:00
2022-05-14T20:51:33.30049Z,10608716,1.32700000,120.00000000,buy,2022-05-14 20:51:33.300490+00:00
2022-05-14T20:51:32.924424Z,10608715,1.32700000,286.95000000,sell,2022-05-14 20:51:32.924424+00:00
2022-05-14T20:51:29.055628Z,10608714,1.32700000,315.73000000,buy,2022-05-14 20:51:29.055628+00:00
2022-05-14T20:51:29.05486Z,10608713,1.32700000,273.88000000,buy,2022-05-14 20:51:29.054860+00:00
2022-05-14T20:51:29.054685Z,10608712,1.32700000,410.39000000,buy,2022-05-14 20:51:29.054685+00:00
2022-05-14T20:51:29.054685Z,10608711,1.32700000,208.00000000,buy,2022-05-14 20:51:29.054685+00:00
2022-05-14T20:51:24.21665Z,10608710,1.32900000,96.87000000,buy,2022-05-14 20:51:24.216650+00:00
2022-05-14T20:51:24.17821Z,10608709,1.32900000,104.64000000,buy,2022-05-14 20:51:24.178210+00:00
2022-05-14T20:51:24.166293Z,10608708,1.32900000,159.34000000,buy,2022-05-14 20:51:24.166293+00:00
2022-05-14T20:51:24.163849Z,10608707,1.32900000,3.89000000,buy,2022-05-14 20:51:24.163849+00:00
2022-05-14T20:51:24.163849Z,10608706,1.32900000,1000.00000000,buy,2022-05-14 20:51:24.163849+00:00
2022-05-14T20:51:24.163849Z,10608705,1.32900000,196.11000000,buy,2022-05-14 20:51:24.163849+00:00
2022-05-14T20:51:08.34638Z,10608704,1.32900000,11.89000000,buy,2022-05-14 20:51:08.346380+00:00
2022-05-14T20:51:03.662649Z,10608703,1.33000000,0.74000000,sell,2022-05-14 20:51:03.662649+00:00
2022-05-14T20:50:57.346441Z,10608702,1.33000000,112.83000000,sell,2022-05-14 20:50:57.346441+00:00
2022-05-14T20:50:30.141324Z,10608701,1.32900000,407.17000000,buy,2022-05-14 20:50:30.141324+00:00
2022-05-14T20:50:28.554322Z,10608700,1.32900000,216.73000000,sell,2022-05-14 20:50:28.554322+00:00
2022-05-14T20:50:28.362074Z,10608699,1.32900000,470.00000000,sell,2022-05-14 20:50:28.362074+00:00
2022-05-14T20:50:28.362074Z,10608698,1.32900000,520.00000000,sell,2022-05-14 20:50:28.362074+00:00
2022-05-14T20:50:28.362074Z,10608697,1.32900000,230.25000000,sell,2022-05-14 20:50:28.362074+00:00
2022-05-14T20:50:19.51124Z,10608696,1.32900000,619.25000000,buy,2022-05-14 20:50:19.511240+00:00
2022-05-14T20:50:17.945757Z,10608695,1.32900000,19.20000000,buy,2022-05-14 20:50:17.945757+00:00
2022-05-14T20:50:17.941816Z,10608694,1.32900000,36.31000000,buy,2022-05-14 20:50:17.941816+00:00
2022-05-14T20:50:17.94176Z,10608693,1.32900000,36.31000000,buy,2022-05-14 20:50:17.941760+00:00
2022-05-14T20:50:15.802798Z,10608692,1.33000000,150.19000000,buy,2022-05-14 20:50:15.802798+00:00
2022-05-14T20:50:15.802798Z,10608691,1.33000000,150.19000000,buy,2022-05-14 20:50:15.802798+00:00
2022-05-14T20:50:15.802798Z,10608690,1.33000000,150.19000000,buy,2022-05-14 20:50:15.802798+00:00
2022-05-14T20:50:15.802798Z,10608689,1.33000000,1000.00000000,buy,2022-05-14 20:50:15.802798+00:00
2022-05-14T20:50:06.465357Z,10608688,1.33100000,150.19000000,buy,2022-05-14 20:50:06.465357+00:00
2022-05-14T20:49:45.714431Z,10608687,1.33300000,243.49000000,sell,2022-05-14 20:49:45.714431+00:00
2022-05-14T20:49:45.714431Z,10608686,1.33300000,169.78000000,sell,2022-05-14 20:49:45.714431+00:00
2022-05-14T20:49:45.714431Z,10608685,1.33300000,336.72000000,sell,2022-05-14 20:49:45.714431+00:00
2022-05-14T20:49:45.714335Z,10608684,1.33200000,1302.61000000,sell,2022-05-14 20:49:45.714335+00:00
2022-05-14T20:49:45.709787Z,10608683,1.33200000,497.39000000,sell,2022-05-14 20:49:45.709787+00:00
2022-05-14T20:49:45.709787Z,10608682,1.33200000,252.60000000,sell,2022-05-14 20:49:45.709787+00:00
2022-05-14T20:49:45.659887Z,10608681,1.33100000,114.53000000,sell,2022-05-14 20:49:45.659887+00:00
2022-05-14T20:49:45.659887Z,10608680,1.33100000,174.47000000,sell,2022-05-14 20:49:45.659887+00:00
2022-05-14T20:49:24.279611Z,10608679,1.33000000,272.84000000,sell,2022-05-14 20:49:24.279611+00:00
2022-05-14T20:49:15.209794Z,10608678,1.32900000,464.49000000,sell,2022-05-14 20:49:15.209794+00:00
2022-05-14T20:49:15.209794Z,10608677,1.32900000,208.00000000,sell,2022-05-14 20:49:15.209794+00:00
2022-05-14T20:49:15.209794Z,10608676,1.32900000,269.03000000,sell,2022-05-14 20:49:15.209794+00:00
2022-05-14T20:49:09.325942Z,10608675,1.32800000,111.51000000,sell,2022-05-14 20:49:09.325942+00:00
2022-05-14T20:49:09.31024Z,10608674,1.32800000,38.42000000,sell,2022-05-14 20:49:09.310240+00:00
2022-05-14T20:49:09.294587Z,10608673,1.32800000,68.42000000,sell,2022-05-14 20:49:09.294587+00:00
2022-05-14T20:48:36.935965Z,10608672,1.32800000,0.01000000,sell,2022-05-14 20:48:36.935965+00:00
2022-05-14T20:48:36.916633Z,10608671,1.32800000,264.29000000,sell,2022-05-14 20:48:36.916633+00:00
2022-05-14T20:48:02.61234Z,10608670,1.32700000,106.03000000,buy,2022-05-14 20:48:02.612340+00:00
2022-05-14T20:47:59.479818Z,10608669,1.32700000,1.00000000,buy,2022-05-14 20:47:59.479818+00:00
2022-05-14T20:47:46.095908Z,10608668,1.32700000,231.55000000,sell,2022-05-14 20:47:46.095908+00:00
2022-05-14T20:47:45.987142Z,10608667,1.32700000,17.93000000,sell,2022-05-14 20:47:45.987142+00:00
2022-05-14T20:47:45.930757Z,10608666,1.32700000,209.07000000,sell,2022-05-14 20:47:45.930757+00:00
2022-05-14T20:47:13.595968Z,10608665,1.32700000,664.82000000,buy,2022-05-14 20:47:13.595968+00:00
2022-05-14T20:47:13.595968Z,10608664,1.32700000,520.00000000,buy,2022-05-14 20:47:13.595968+00:00
2022-05-14T20:47:07.065424Z,10608663,1.32700000,211.00000000,sell,2022-05-14 20:47:07.065424+00:00
2022-05-14T20:47:07.065424Z,10608662,1.32700000,123.00000000,sell,2022-05-14 20:47:07.065424+00:00
2022-05-14T20:47:00.047272Z,10608661,1.32600000,60.40000000,buy,2022-05-14 20:47:00.047272+00:00
2022-05-14T20:46:40.36761Z,10608660,1.32700000,117.18000000,sell,2022-05-14 20:46:40.367610+00:00
2022-05-14T20:46:40.36761Z,10608659,1.32700000,267.03000000,sell,2022-05-14 20:46:40.367610+00:00
2022-05-14T20:46:15.832621Z,10608658,1.32600000,0.69000000,sell,2022-05-14 20:46:15.832621+00:00
2022-05-14T20:46:15.832621Z,10608657,1.32600000,259.39000000,sell,2022-05-14 20:46:15.832621+00:00
2022-05-14T20:46:07.775077Z,10608656,1.32500000,83.79000000,sell,2022-05-14 20:46:07.775077+00:00
2022-05-14T20:46:07.775077Z,10608655,1.32500000,116.48000000,sell,2022-05-14 20:46:07.775077+00:00
2022-05-14T20:46:07.372035Z,10608654,1.32500000,32.41000000,sell,2022-05-14 20:46:07.372035+00:00
2022-05-14T20:46:07.372035Z,10608653,1.32500000,29.73000000,sell,2022-05-14 20:46:07.372035+00:00
2022-05-14T20:46:06.027356Z,10608652,1.32500000,68.21000000,sell,2022-05-14 20:46:06.027356+00:00
2022-05-14T20:46:06.011052Z,10608651,1.32500000,61.72000000,sell,2022-05-14 20:46:06.011052+00:00
2022-05-14T20:46:05.91298Z,10608650,1.32500000,18.72000000,sell,2022-05-14 20:46:05.912980+00:00
2022-05-14T20:46:05.91298Z,10608649,1.32500000,45.90000000,sell,2022-05-14 20:46:05.912980+00:00
2022-05-14T20:46:04.107552Z,10608648,1.32500000,129.40000000,sell,2022-05-14 20:46:04.107552+00:00
2022-05-14T20:46:04.107552Z,10608647,1.32500000,73.72000000,sell,2022-05-14 20:46:04.107552+00:00
2022-05-14T20:46:01.268794Z,10608646,1.32500000,153.29000000,sell,2022-05-14 20:46:01.268794+00:00
2022-05-14T20:45:40.693043Z,10608645,1.32500000,229.37000000,sell,2022-05-14 20:45:40.693043+00:00
2022-05-14T20:45:36.381954Z,10608644,1.32500000,264.30000000,sell,2022-05-14 20:45:36.381954+00:00
2022-05-14T20:45:33.448826Z,10608643,1.32400000,218.28000000,sell,2022-05-14 20:45:33.448826+00:00
2022-05-14T20:45:33.448826Z,10608642,1.32400000,121.37000000,sell,2022-05-14 20:45:33.448826+00:00
2022-05-14T20:45:32.014075Z,10608641,1.32500000,150.88000000,buy,2022-05-14 20:45:32.014075+00:00
2022-05-14T20:45:20.249499Z,10608640,1.32600000,147.31000000,buy,2022-05-14 20:45:20.249499+00:00
2022-05-14T20:45:20.23159Z,10608639,1.32600000,852.69000000,buy,2022-05-14 20:45:20.231590+00:00
2022-05-14T20:45:13.987835Z,10608638,1.32600000,252.29000000,sell,2022-05-14 20:45:13.987835+00:00
2022-05-14T20:45:11.529625Z,10608637,1.32600000,205.22000000,buy,2022-05-14 20:45:11.529625+00:00
2022-05-14T20:45:11.529604Z,10608636,1.32600000,749.99000000,buy,2022-05-14 20:45:11.529604+00:00
2022-05-14T20:45:11.520054Z,10608635,1.32600000,44.79000000,buy,2022-05-14 20:45:11.520054+00:00
2022-05-14T20:45:09.430734Z,10608634,1.32600000,168.07000000,buy,2022-05-14 20:45:09.430734+00:00
2022-05-14T20:45:09.430734Z,10608633,1.32600000,31.93000000,buy,2022-05-14 20:45:09.430734+00:00
2022-05-14T20:45:08.519443Z,10608632,1.32700000,380.68000000,buy,2022-05-14 20:45:08.519443+00:00
2022-05-14T20:45:08.499339Z,10608631,1.32700000,94.74000000,buy,2022-05-14 20:45:08.499339+00:00
2022-05-14T20:45:08.489353Z,10608630,1.32700000,164.83000000,buy,2022-05-14 20:45:08.489353+00:00
2022-05-14T20:45:08.471034Z,10608629,1.32700000,158.35000000,buy,2022-05-14 20:45:08.471034+00:00
2022-05-14T20:45:08.463439Z,10608628,1.32700000,201.40000000,buy,2022-05-14 20:45:08.463439+00:00
2022-05-14T20:45:08.463439Z,10608627,1.32700000,520.00000000,buy,2022-05-14 20:45:08.463439+00:00
2022-05-14T20:45:08.463439Z,10608626,1.32700000,0.42000000,buy,2022-05-14 20:45:08.463439+00:00
2022-05-14T20:45:00.851303Z,10608625,1.32800000,5.68000000,buy,2022-05-14 20:45:00.851303+00:00
2022-05-14T20:45:00.851303Z,10608624,1.32800000,0.43000000,buy,2022-05-14 20:45:00.851303+00:00
2022-05-14T20:45:00.851303Z,10608623,1.32800000,150.42000000,buy,2022-05-14 20:45:00.851303+00:00
2022-05-14T20:44:51.430953Z,10608622,1.32900000,410.00000000,sell,2022-05-14 20:44:51.430953+00:00
2022-05-14T20:44:51.274522Z,10608621,1.32900000,40.00000000,buy,2022-05-14 20:44:51.274522+00:00
2022-05-14T20:44:35.19774Z,10608620,1.33000000,177.85000000,sell,2022-05-14 20:44:35.197740+00:00
2022-05-14T20:44:35.19774Z,10608619,1.33000000,197.44000000,sell,2022-05-14 20:44:35.197740+00:00
2022-05-14T20:44:04.579313Z,10608618,1.32900000,124.94000000,buy,2022-05-14 20:44:04.579313+00:00
2022-05-14T20:44:04.579313Z,10608617,1.32900000,1.26000000,buy,2022-05-14 20:44:04.579313+00:00
2022-05-14T20:43:57.722064Z,10608616,1.32900000,29.28000000,buy,2022-05-14 20:43:57.722064+00:00
2022-05-14T20:43:40.586108Z,10608615,1.33100000,44.29000000,buy,2022-05-14 20:43:40.586108+00:00
2022-05-14T20:43:32.970924Z,10608614,1.33100000,255.46000000,sell,2022-05-14 20:43:32.970924+00:00
2022-05-14T20:43:32.970924Z,10608613,1.33100000,21.13000000,sell,2022-05-14 20:43:32.970924+00:00
2022-05-14T20:43:05.322509Z,10608612,1.33000000,867.01000000,buy,2022-05-14 20:43:05.322509+00:00
2022-05-14T20:43:02.604694Z,10608611,1.33100000,124.56000000,sell,2022-05-14 20:43:02.604694+00:00
2022-05-14T20:43:02.604694Z,10608610,1.33100000,238.08000000,sell,2022-05-14 20:43:02.604694+00:00
2022-05-14T20:42:44.198084Z,10608609,1.33000000,506.00000000,sell,2022-05-14 20:42:44.198084+00:00
2022-05-14T20:42:44.198084Z,10608608,1.33000000,260.58000000,sell,2022-05-14 20:42:44.198084+00:00
2022-05-14T20:42:22.982994Z,10608607,1.32900000,173.78000000,sell,2022-05-14 20:42:22.982994+00:00
2022-05-14T20:42:10.338135Z,10608606,1.32900000,168.11000000,sell,2022-05-14 20:42:10.338135+00:00
